@article{Briaud-ErosionByOvertopping,
	author = {J. L. Briaud and H.-C. Chen and A. V. Govindasamy and R. Storesund},
	title = {Levee Erosion by Overtopping in {New Orleans} during the {Katrina Hurricane}},
	journal = {Journal of Geotechnical and Geoenvironmental Engineering},
	year = {2008},
	volume = {134},
	number = {618},
}

@inproceedings{Wang-ModelingTheHydraulics,
	author = { P. Wang and R. Kahawita},
	title = {Modeling the Hydraulics and Erosion Process in Breach Formation Due to Overtopping},
	booktitle = {Sedimentation and Sediment Transport, Proceedings},
	year = {2003},
	month = {May}
	pages = {211-220},
}

@article{Hanson-PhysicalModeling,
	author = {G. J. Hanson and K. R. Cook and S. L. Hunt},
	title = {Physical Modeling Of Overtopping Erosion And Breach Formation Of Cohesive Embankments},
	journal = {Transactions of the ASAE},
	year = {2005},
	month = {September},
	volume = {48},
	number = {5},
	pages = {1783--1794},
}

@article{Baxter-EvaluationofFloodForecasting,
	author = { Baxter E. Vieux and Zhengtao Cui and Anubhav Gaur},
	title = {Evaluation of a physics-based distributed hydrologic model for flood forecasting},
	journal = {Journal of Hydrology},
	year = {2004},
	volume = {298},
	number = {1-4},
	pages = {155--177},
	month = {October},
}

@article{Delire-EvaluatingPerformance,
	author = {C. Delire and J. A. Foley},
	title = {Evaluating the performance of a land surface/ecosystem model with biophysical measurements from contrasting environments},
	journal = {Journal of Geophysical Research},
	year = {1999},
	volume = {104},
	number = {16},
	pages = {895--909},
}

@article{Foley-IntegratedBiosphere,
	author = {J. A. Foley and  I. C. Prentice and N. Ramankutty and S. Levis and D. Pollard and S. Sitch and A. Haxeltine},
	title = {An integrated biosphere model of land surface processes, terrestrial carbon balance, and vegetation dynamics},
	journal = {Global Biogeochemistry Cycles},
	year = {1996},
	volume = {10},
	pages = {603--628},
}

@article{Dieter-TerrestrialVegetation, 
	author = {Dieter Gerten and Sibyll Schaphoff and Uwe Haberlandt and Wolfgang Lucht and Stephen Sitch}, 
	title = {Terrestrial vegetation and water balance--hydrological evaluation of a dynamic global vegetation model}, 
	journal = {Journal of Hydrology}, 
	year = {2004}, 
	volume = {286}, 
	number = {I-4},
	pages = {249--270}, 
	month = {January}
} 

@article{Moiling-DistributedRunoff,
	author = {Christine C. Moiling and John C. Strikwerda and John M. Norman and Charles A. Rodgers and Rick Wayne and Cristine L.S. Morgan and George R. Diak and John R. Mecikalski},
	title = {Distributed Runoff Formulation Designed for a Precision Agricultural-Landscape Modeling System},
	journal = {Journal of the American Water Resources Association},
	year = {2005},
	volume = {41},
	number = {6},
	pages = {1289--1313},
}

@article{Bonilla-TestingGridBasedSoil,
	author = {Carlos A. Bonilla and John M. Norman and Christine C. Molling and K. G. Karthikeyan and Paul S.  Miller},
	title = {Testing a Grid-Based Soil Erosion Model across Topographically Complex Landscapes},
	journal = {Soil Science Society of America Journal},
	year = {2008},
	volume = {72},
	pages = {1745--1755},
}

@article{Simms-TortoisesAndHares, 
	author = {M. J. Simms}, 
	title = {Tortoises and Hares: Dissolution, Erosion and Isostacy in Landscape Evolution}, 
	journal = {Earth Surface Processes and Landforms}, 
	year = {2004}, 
	volume = {29},
	month = {February},
	pages = {477--494},
}

@article{Annandale-Erodibility,
	author = {G. W. Annandale},
	title = {Erodibility},
	journal = {Journal of Hydraulic Research},
	year = {1995},
	volume = {33},
	number = {4},
	pages = {471--494},
}

@article{Temple-HeadcutAdvance,
	author = {D. M. Temple and J. S. Moore},
	title = {Headcut advance prediction for earth spillways},
	journal = {Transactions, ASAE},
	volume = 40,
	number = 3,
	pages = {557 -- 562},
	year = {1997},
}

@article{Hanson-JetIndex,
	author = {G. J. Hanson},
	title = {Development of a jet index to characterize erosion resistance of soils in earthen spillways},
	journal = {Transactions of the ASAE},
	year = {1991},
	volume = {34},
	number = {5},
	pages = {2015--2020},
}

@article{Moore-FieldProcedures,
	author = {J. S. Moore},
	title = {Field Procedures Guide For The Headcut Erodibility Index},
	journal = {Transactions of the ASAE},
	year = {1997},
	volume = {40},
	number = {2},
	pages = {325--336},
}

@article{Wan-InvestigationOfErosionRate,
	author = {C. F. Wan and R. Fell},
	title = {Investigation of rate of erosion of soils in embankment dams},
	journal = {Journal of Geotechnical and Geoenvironmental Engineering},
	year = {2004},
	volume = {130},
	number = {4},
	pages = {373--380},
}

@article{Brandimarte-StochasticFlow,
	author = {L. Brandimarte and A. Montanari and J-L. Briaud and P. D'Odorico},
	title = {Stochastic flow analysis for predicting river scour on cohesive soils},
	journal = {Journal of Hydraulic Engineering},
	year = {2006},
	volume = {132},
	number = {5},
	pages = {493--500},
}

@phdthesis{argwala-Volume,
	author = {Aseem Agarwala},
	title = {Volumetric Surface Sculpting},
	school = {Massachusetts Institute of Technology},
	year = {1999},
}

@inproceedings{Anh-ErosionOnGPU,
	author = {N. H. Anh and A. Sourin and P. Aswani},
	title = {Physically based hydraulic erosion simulation on graphics processing unit},
	booktitle = {Proceedings of the 5th International Conference on Computer Graphics and Interactive Techniques in Australia and Southeast Asia},
	year = {2007},
	month = {December},
	pages = {257--264},
}

@article{Benes-TableMountains,
	author = {B. Benes and X. Arriaga},
	title = {Table Mountains by Virtual Erosion},
	journal = {Eurographics Workshop on Natural Phenomena 2005},
	year = {2005},
	pages = {33--40},
}

@inproceedings{Dorsey-WeatheredStone,
	author = {Julie Dorsey and Alan Edelman and Henrik Wann Jensen and Justin Legakis and Hans K. Pedersen},
	title = {Modeling and Rendering of Weathered Stone},
	booktitle = {Proceedings of SIGGRAPH'99},
	year = {1999},
	month = {August},
	pages = {225--234},
}

@INPROCEEDINGS{Dorsey-FlowAndChanges,
    author = {Julie Dorsey Massachusetts and Julie Dorsey and Hans Khling Pedersen and Pat Hanrahan},
    title = {Flow and Changes in Appearance},
    booktitle = {Proceedings of the 23rd Annual Conference on Computer Graphics and Interactive Techniques},
    year = {1996},
    pages = {411--420}
}

@inproceedings{Nielson-Tetrahedrization,
	author = {G. M. Nielson and J. Sung},
	title = {Interval volume tetrahedrization},
	booktitle = {Proceedings of the 8th Conference on Visualization '97},
	year = {1997},
	month = {October},
	pages = {221--ff},
}

@inproceedings{Mei-FastHydraulicErosion,
	author = {X. Mei and P. Decaudin and B. Hu},
	title = {Physically based hydraulic erosion simulation on graphics processing unit},
	booktitle = {Proceedings of the 15th Pacific Conference on Computer Graphics and Applications},
	year = {2007},
	month = {October-November},
	pages = {47--56},
}

@article{Valette-SoDA,
	author = {Gilles Valette and Stephanie Prevost and Laurent Lucas and Joel Leonard},
	title = {{SoDA} project: A simulation of soil surface degradation by rainfall},
	journal = {Computers \& Graphics},
	year = {2006},
	volume = {30},
	number = {4},
	pages = {494--506},
	month = {August},
}

@article{Benes-SimulationHydraulicErosion,
	author = {B. Benes and R. Forsbach },
	title = {Visual Simulation of Hydraulic Erosion},
	journal = {Journal of WSCG},
	year = {2002},
	volume = {1},
	pages = {79--86},
}

@article{Sutherland-ParticleTerrain,
	author = {B. Sutherland and J. Keyser },
	title = {Particle-based enhancement of terrain data},
	journal = {ACM SIGGRAPH 2006 Research Posters},
	year = {2006},
	volume = {96},
	month = {August},
}

@article{Benes-ShallowWaterSimulation,
	author = {Bedrich Benes},
	title = {Hydraulic Erosion by Shallow Water Simulation},
	journal = "{The 4th Workshop on Virtual Reality Interaction and Physical Simulation}",
	year = {2007},
	pages = {43--50}
}

@article{Benes-ParallelImplementation,
	author = {B. Benes and R. Forsbach},
	title = {Parallel Implementation of Terrain Erosion Applied to the Surface of Mars},
	journal = {ACM Siggraph, Afrigraph},
	year = {2001},
}

@article{Benes-HydraulicErosion,
	author = {B. Benes and V. Tesinsky and J. Hornys and S. K. Bhatia},
	title = {Hydraulic Erosion},
	journal = {Computer Animation and Virtual Worlds},
	year = {2006},
	volume = {17},
	number = {2},
	pages = {99--108},
}

@article{Benes-SmoothedParticles, 
	author = {Kristof, P. and Benes, B. and Krivanek, J. and St'ava, O. }, 
	citeulike-article-id = {4244063}, 
	doi = {10.1111/j.1467-8659.2009.01361.x}, 
	issn = {0167-7055}, 
	journal = {Computer Graphics Forum}, 
	number = {2}, 
	pages = {219--228}, 
	posted-at = {2009-03-31 17:23:41}, 
	publisher = {Blackwell Publishing}, 
	title = {Hydraulic Erosion Using Smoothed Particle Hydrodynamics}, 
	url = {http://dx.doi.org/10.1111/j.1467-8659.2009.01361.x}, 
	volume = {28},
	year = {2009}
} 

@inproceedings{stave-InteractiveModeling,
	author = {Stava, O., Benes, B., Brisbin, M., and Krivanek, O.},
	title = {Interactive Terrain Modeling Using Hydraulic Erosion},
	booktitle = {ACM Siggraph/Eurographics Symposium on Computer Animation},
	year = {2008},
}

@inproceedings{Kelley-TerrainSimulation,
	author = {A. D. Kelley and M. C. Malin and G. M. Nielson},
	title = {Terrain simulation using a model of stream erosion},
	booktitle = {Proceedings of the 15th Annual Conference on Computer Graphics and Interactive Techniques},
	year = {1988},
	pages = {263--268},
}

@article{Chiba-VelocityFields,
	author = {N. Chiba and K. Muraoka and K. Fujita},
	title = {An Erosion Model Based on Velocity Fields for the Visual Simulation of Mountain Scenery},
	journal = {The Journal of Visualization and Computer Animation},
	year = {1998},
	volume = {9},
	number = {4},
	pages = {185--194},
}

@inproceedings{Musgrave-SynthesisAndRendering,
	author = {F. K. Musgrave and C. E. Kolb and R. S. Mace},
	title = {The synthesis and rendering of eroded fractal terrains},
	booktitle = {Proceedings of the 16th Annual Conference on Computer Graphics and Interactive Techniques},
	year = {1989},
	month = {July},
	pages = {41--50},
}

@article{Nagashima-ErodedValleyGeneration,
	author = {K. Nagashima},
	title = {Computer Generation of Eroded Valley and Mountain Terrains},
	journal = {The Visual Computer},
	year = {1998},
	volume = {13},
	number = {9},
	pages = {456--464},
}

@inproceedings{Hammel-FractalMountainsRivers,
	author = { P. Prusinkiewicz and M. Hammel},
	title = {A Fractal Model of Mountains with Rivers},
	booktitle = {Proceedings of Graphics Interface 93},
	year = {1993},
	pages = {174--180},
}

@inproceedings{Onoue-VirtualSandbox,
	author = {K. Onoue and T. Nishita},
	title = {Virtual Sandbox},
	booktitle = {Proceedings of the 11th Pacific Conference on Computer Graphics and Applications},
	year = {2003},
	month = {October},
	pages = {252}
}

@inproceedings{Li-ModelingSoilDynamics, 
	author = {Xin Li and J. Michael Moshell}, 
	title = {Modeling Soil: Realtime Dynamic Models for Soil Slippage and Manipulation}, 
	booktitle = {Computer Graphics Proceedings, Annual Conference Series}, 
	year = {1993}, 
	pages = {361--368} 
}

@article{Wang-EmbankmentOvertopping, 
	author = {P. Wang and R. Kahawita and A. Moktari and T. M. Phat and T. T.Quach}, 
	title = {Modeling Breach Formation in Embankments Due to Overtopping}, 
	journal = {Transactions of the International Congress on Large Dams}, 
	year = {2006}, 
	month = {June},
	volume = {22}, 
	number = {3}, 
	pages = {377-396}
}

@article{Wang-ErosionProtection, 
	author = {Xiaoling Wang and Songmin Li and Yuefeng Sun and Xianglei Meng}, 
	title = {Application of Visual Simulation Technology to a Soil Erosion Protection Project}, 
	journal = {Landscape and Urban Planning}, 
	year = {2008}, 
	volume = {84}, 
	pages = {52--61}
}

@article{Rawls-EstimatingHydraulics, 
	author = {Walter J. Rawls and Laj R. Ahuja and D. L. Brakensiek}, 
	title = {Estimating Soil Hydraulic Properties From Soils Data}, 
	journal = {Workshop on Indirect Methods for Estimating the Hydraulic Properties of Unsaturated Soils}, 
	year = {1992}, 
	address = {Riverside, CA, USA},
	volume = {}, 
	pages = {329--341}
}

@article{Briaud-CaseHistories,
	author = {J. L. Briaud},
	title = {Case Histories in Soil and Rock Erosion: {Woodrow Wilson Bridge, Brazos River Meander, Normandy Cliffs, and New Orleans Levees}},
	journal = {Journal of Geotechnical and Geoenvironmental Engineering},
	year = {2008},
	volume = {134},
	number = {10},
	month = {October},
	pages = {1425--1447}
}

@inproceedings{Neidhold-Interactive,
	title = "Interactive physically based Fluid and Erosion Simulation", 
	author = "B. Neidhold and M. Wacker and Oliver Deussen", 
	booktitle = "Eurographics Workshop on Natural Phenomena", 
	month = {August}, 
	year = 2005, 
	pages = "25--32", 
} 



% RIVER NETWORK EXTRACTION %

@article{O'Callaghan1984323, 
  title = "The extraction of drainage networks from digital elevation data", 
  journal = "Computer Vision, Graphics, and Image Processing", 
  volume = "28", 
  number = "3", 
  pages = "323 - 344", 
  year = "1984", 
  note = "",
  issn = "0734-189X",
  doi = "DOI: 10.1016/S0734-189X(84)80011-0", 
  url = "http://www.sciencedirect.com/science/article/B7GXG-4KJ6M8P-4/2/96349b6b513f72fb830cfc314990097b",
  author = "John F. O'Callaghan and David M. Mark" 
}

%-----------------------------------%

@misc{SENATE_REPORT,
  note = {Internet: \url{http://www.berkeley.edu/news/media/releases/2005/11/leveereport_prelim.pdf} [July 28, 2012]},
  title = "{Preliminary Report on the Performance of the New Orleans Levee Systems in Hurricane Katrina}",
  month = {August},
  year = "2005",
  author = "R.B. Seed and  P.G. Nicholson and  R.A. Dalrymple and  J. Battjes and  R.G. Bea and  G. Boutwell and  J.D. Bray and B. D. Collins and  L.F. Harder and  J.R. Headland and  M. Inamine and  R.E. Kayen and  R. Kuhr and  J. M. Pestana and  R. Sanders and F. Silva-Tulla and  R. Storesund and  S. Tanaka and  J. Wartman and  T. F. Wolff and  L. Wooten and T. Zimmie",
}

@book{Schnitter,
  author = {Schnitter, N.J.},
  title =  {A History of Dams: the useful pyramids},
  publisher = {A.A. Balkema}, 
  address = {Lisse, The Netherlands},
  year = {1994}
}
%address = "Rotterdam, Brookfield", 


@article{DAMBRK_REPORT,
  title = {{DAMBRK: The NWS} dam-break flood forcasting model},
  author = {D. L. Fred},
  journal = {National Weather Service, Office of Hydrology, Silver Spring, Md},
  year = {1984},
}

@article{Tarboton-OnExtraction,
  title = "On the extraction of channel networks from digital elevation data",
  year = {1991},
  author = {D. G. Tarboton and R. L. Bras and I. Rodriguez-Iturbe},
  booktitle = {Hydrologic Processes},
  volume = 5,
  pages = {81--100}
}

@misc{FloodDamageData,
  author = "{University Corporation for Atmospheric Research}",
  title = {Flood Damage in the United States},
  url = {\url{http://flooddamagedata.org/}},
  year = {2003},
  note = {Internet: \url{http://flooddamagedata.org/} [July 28, 2012]}
}


%--------------PARTICLES------------%


@InProceedings{ Muller-Particle,
	author = { M. M\"{u}ller and D. Charypar and M. Gross},
	title = {Particle-based Fluid Simulation for Interactive Applications},
	booktitle = {ACM SIGGRAPH/Eurographics Symposium on Computer Animation},
	year = {2003},
        pages = {154--159}
}


@incollection{amada-particles,
  author = {Takashi Amada},
  title = {Real-Time Particle-Based Fluid Simulation with Rigid Body Interaction},
  booktitle = {Game Programming Gems 6},
  editor = {Michael Dickheiser},
  publisher = {Charles River Media},
  address = {Independence, KY, USA},
  year = {2006},
  pages = {189--205}
}


%---------SHAPE ANALYSIS------------%

@inproceedings{belongie-ShapeContexts,
  author = {Belongie, Serge and Malik, Jitendra and Puzicha, Jan}, 
  booktitle = {In NIPS}, 
  citeulike-article-id = {3504719}, 
  citeulike-linkout-0 = {http://citeseerx.ist.psu.edu/viewdoc/summary?doi=10.1.1.27.8567}, 
  keywords = {context, shape}, 
  pages = {831--837}, 
  posted-at = {2008-11-12 00:29:36}, 
  priority = {2}, 
  title = {{Shape Context: A new descriptor for shape matching and object recognition}}, 
  url = {http://citeseerx.ist.psu.edu/viewdoc/summary?doi=10.1.1.27.8567}, 
  year = {2000}
}

@article{Belongie:2002:SMO:628328.628792, 
  author = {Belongie, S. and Malik, J. and Puzicha, J.}, 
  title = {Shape Matching and Object Recognition Using Shape Contexts}, 
  journal = {IEEE Trans. Pattern Anal. Mach. Intell.}, 
  volume = {24}, 
  issue = {4}, 
  month = {April}, 
  year = {2002}, 
  issn = {0162-8828}, 
  pages = {509--522}, 
  numpages = {14}, 
  url = {http://dx.doi.org/10.1109/34.993558}, 
  doi = {http://dx.doi.org/10.1109/34.993558}, 
  acmid = {628792}, 
  publisher = {IEEE Computer Society}, 
  address = {Washington, DC, USA}, 
  keywords = {shape, object recognition, digit recognition, correspondence problem, MPEG7, image registration, deformable templates}
}

@article{Osada-ShapeDistributions, 
  author = "Robert Osada and Thomas Funkhouser and Bernard Chazelle and David Dobkin", 
  title = "Shape Distributions", 
  journal = "ACM Transactions on Graphics", 
  year = "2002", 
  month = {October}, 
  volume = "21", 
  number = "4", 
  pages = "807--832" 
}

@ARTICLE{Roy04meshcomparison, 
  author = {Michaël Roy and Sebti Foufou and Frédéric Truchetet}, 
  title = {Mesh comparison using attribute deviation metric,” Int}, 
  journal = {Journal of Image and Graphics}, 
  year = {2004}, 
  volume = {4}, 
  pages = {1--14} 
}

@article{ Geiger:2003:RSS:628334.628872, 
  author = "Davi Geiger and Tyng-Luh Liu and Robert V. Kohn", 
  title = "Representation and Self-Similarity of Shapes", 
  journal = "IEEE Trans. Pattern Anal. Mach. Intell.", 
  volume = "25", 
  issue = "1", 
  month = "January", 
  year = "2003", 
  issn = "0162-8828", 
  pages = "86--99", 
  numpages = "14", 
  url = "http://portal.acm.org/citation.cfm?id=628334.628872", 
  doi = "10.1109/TPAMI.2003.1159948", 
  acmid = "628872", 
  publisher = "IEEE Computer Society", 
  address = "Washington, DC, USA", 
  keywords = "Shape representation, self-similarity, variational matching, dynamic programming, MRF." 
}

@INPROCEEDINGS{Luh-791256, 
  author={Tyng-Luh Liu and Geiger, D.}, 
  booktitle={Computer Vision, 1999. The Proceedings of the Seventh IEEE International Conference on}, 
  title={Approximate tree matching and shape similarity}, 
  year={1999}, 
  volume={1}, 
  number={}, 
  pages={456 -462 vol.1},
  keywords={2D shape contour comparison;3D scenarios;approximate tree matching;cut;experimental results;merging;occlusion;optimization;region information;shape axis model;shape similarity;stretching;topological changes;image matching;image representation;merging;optimisation;trees (mathematics);}, 
  doi={10.1109/ICCV.1999.791256}, 
  ISSN={} 
}


@article{10.1109/TVCG.2007.45, 
  author = {Ran Gal and Ariel Shamir and Daniel Cohen-Or}, 
  title = {Pose-Oblivious Shape Signature}, 
  journal = {IEEE Transactions on Visualization and Computer Graphics}, 
  volume = {13}, 
  number = {2}, 
  year = {2007}, 
  issn = {1077-2626}, 
  pages = {261-271}, 
  doi = {http://doi.ieeecomputersociety.org/10.1109/TVCG.2007.45}, 
  publisher = {IEEE Computer Society}, 
  address = {Los Alamitos, CA, USA}
}

@inproceedings{Muller:2005:MDB:1186822.1073216, 
  author = {M\"{u}ller, Matthias and Heidelberger, Bruno and Teschner, Matthias and Gross, Markus}, 
  title = {Meshless deformations based on shape matching}, 
  booktitle = {ACM SIGGRAPH 2005 Papers}, 
  series = {SIGGRAPH '05}, 
  year = {2005}, 
  location = {Los Angeles, California}, 
  pages = {471--478}, 
  numpages = {8},
  url = {http://doi.acm.org/10.1145/1186822.1073216}, 
  doi = {http://doi.acm.org/10.1145/1186822.1073216}, 
  acmid = {1073216}, publisher = {ACM}, 
  address = {New York, NY, USA}, 
  keywords = {deformable modeling, geometric deformation, real-time simulation, shape matching}
}


@article{10.1109/3DIM.2007.8, 
  author = {Peng Huang and Jonathan Starck and Adrian Hilton}, 
  title = {A Study of Shape Similarity for Temporal Surface Sequences of People}, 
  journal ={3D Digital Imaging and Modeling, International Conference on}, 
  volume = {0}, 
  issn = {1550-6185}, 
  year = {2007}, 
  pages = {408-418}, 
  doi = {http://doi.ieeecomputersociety.org/10.1109/3DIM.2007.8}, 
  publisher = {IEEE Computer Society}, 
  address = {Los Alamitos, CA, USA}
}

@article{Mademlis-ShapeRetrieval,
  author = {Athanasios Mademlis and Petros Daras and Apostolos Axenopoulos and Dimitrios Tzovaras and Michael G. Strintzis},
  title = {Combining Topological and Geometrical Features for Global and Partial 3-D Shape Retrieval},
  journal = {IEEE Transactions on Multimedia},
  volume = {10},
  year = {2008},
  pages = {819--831},
  doi = {10.1109/TMM.2008.922790},
  masid = {14405677}
}


%-----------TERRAIN ANALYSIS--------%

@ARTICLE{OCALLAGHAN-Extraction,
  AUTHOR = "John F. O'Callaghan and David M. Mark",
  TITLE = "The extraction of drainage networks from digital elevation data.",
  JOURNAL = "Computer Vision, Graphics, and Image Processing",
  PAGES = {323--344},
  YEAR = {1984}  
}

@article {Mark1984carto, 
  title = {{Automated detection of drainage networks from digital elevation models}}, 
  journal = {Cartographica}, 
  volume = {21}, 
  year = {1984}, 
  pages = {168-178}, 
  author = {David M. Mark} 
 }

@Article{ band86, 
  author= {L.~Band}, 
  title= {Topographic partition of watersheds with Digital Elevation Models}, 
  journal= {Water Resources Research}, 
  year= {1986}, 
  volume= {22}, 
  number= {1}, 
  month = {January},
  pages= {15-24}
}

@article{YANG-geomorphic,
  author = { Dawn Yang and Srikantha Herath and Katumi Musiake},
  title = {Analysis of geomorphologic properties extracted from {DEMs} for hydrologic modeling },
  journal = {Annual Journal of Hydraulic Engineering},
  volume = {41},
  year = {1997}
}

@article{MONTGOMERY-1993,
  author = {David R. Montgomery},
  title = {Channel network source representation using digital elevation models},
  journal = {Water Resources Research},
  volume = {29},
  number = {12},
  pages = {3925--3934},
  month = {December},
  year = {1993},
}

@article{Turcotte_Fortin_Rousseau_Massicotte_Villeneuve_2001, 
  title={Determination of the drainage structure of a watershed using a digital elevation model and a digital river and lake network}, 
  volume={240}, 
  url={http://linkinghub.elsevier.com/retrieve/pii/S0022169400003425}, 
  number={3-4}, 
  journal={Journal of Hydrology}, 
  author={Turcotte, R and Fortin, J and Rousseau, A and Massicotte, S and Villeneuve, J}, 
  year={2001}, 
  pages={225--242} 
}

@article{Bruno2007,
    author = {Lashermes, Bruno and Foufoula-Georgiou, Efi and Dietrich, William E.},
    citeulike-article-id = {7367465},
    citeulike-linkout-0 = {http://www.agu.org/pubs/crossref/2007/2007GL031140.shtml},
    citeulike-linkout-1 = {http://dx.doi.org/10.1029/2007GL031140},
    day = {17},
    doi = {10.1029/2007GL031140},
    issn = {0094-8276},
    journal = {Geophysical Research Letters},
    keywords = {channel, extraction, network},
    month = {October},
    number = {23},
    pages = {L23S04},
    posted-at = {2010-06-29 23:42:26},
    priority = {2},
    title = {{Channel network extraction from high resolution topography using wavelets}},
    url = {http://dx.doi.org/10.1029/2007GL031140},
    volume = {34},
    year = {2007}
}

@Article{PhysRevLett.68.205, 
  title = {Evolution of river networks}, 
  author = {Kramer, S. and Marder, M. }, 
  journal = {Phys. Rev. Lett.}, 
  volume = {68}, 
  number = {2}, 
  pages = {205--208}, 
  numpages = {3}, 
  year = {1992}, 
  month = {January}, 
  doi = {10.1103/PhysRevLett.68.205}, 	
  publisher = {American Physical Society} 
 }


@ARTICLE{Soille_carvingand,
    author = {Pierre Soille and Jürgen Vogt and Roberto Colombo},
    title = {Carving and adaptive drainage enforcement of grid digital elevation models},
    journal = {Water Resources Research},
    year = {2003},
    volume = {39},
    pages = {SWC 10 1--13}
}

@Article{hess-15-667-2011,
  AUTHOR = {Metz, M. and Mitasova, H. and Harmon, R. S.},
  TITLE = {Efficient extraction of drainage networks from massive, radar-based elevation models with least cost path search},
  JOURNAL = {Hydrology and Earth System Sciences},
  VOLUME = {15},
  YEAR = {2011},
  NUMBER = {2},
  PAGES = {667--678},
  URL = {http://www.hydrol-earth-syst-sci.net/15/667/2011/},
  DOI = {10.5194/hess-15-667-2011}
}


%--------------OUR STUFF------------%


@InProceedings{ stuetzle-icpmg-2010,
  author = 	 {Christopher S. Stuetzle and Zhongxian Chen and Barbara Cutler and W. Randolph Franklin and Jared Gross and Katrina Perez and Thomas Zimmie},
  title = 	 {Computer simulations and physical modelling of erosion},
  booktitle = 	 {7th International Conference on Physical Modelling in Geotechnics ({ICPMG} 2010)},
  year =	 2010,
  address =	 {Zurich},
  month =	 {June},
}

@InProceedings{ chen-geo-frontiers-2011,
  author = 	{Zhongxian Chen and Christopher S. Stuetzle and Barbara M. Cutler and Jared A. Gross and W. Randolph Franklin and Thomas F. Zimmie },
  title = 	{Analyses, Simulations and Physical Modeling Validation of Levee and Embankment Erosion},
  booktitle = 	{Geo Frontiers},
  year = 	{2011},
  %address = 	{Dallas, Texas, US}
}

@inproceedings{Chen:2010:QAS:1869790.1869867,
 author = {Chen, Zhongxian and Stuetzle, Christopher and Cutler, Barbara and Gross, Jared and Franklin, W. Randolph and Zimmie, Thomas},
 title = {Quantitative analysis of simulated erosion for different soils},
 booktitle = {Proceedings of the 18th SIGSPATIAL International Conference on Advances in Geographic Information Systems},
 year = {2010},
 isbn = {978-1-4503-0428-3},
 location = {San Jose, California},
 pages = {482--485},
 numpages = {4},
 url = {http://doi.acm.org/10.1145/1869790.1869867},
 doi = {http://doi.acm.org/10.1145/1869790.1869867},
 acmid = {1869867},
 %publisher = {ACM},
 city = {New York, NY, USA},
 keywords = {hydraulic erosion simulation, physical modeling},
 %series = {GIS '10},
} 

@inproceedings{Lau-CAGIS,
  author = {T. Y. Lau and W. R. Franklin},
  title = {Completing framentary river networks via induced terrain},
  booktitle = {Cartography and Geographic Information Science},
  volume = {38},
  number = {2},
  pages = {162--174},
  month = {April},
  year = {2011}
}

@InProceedings{ Kamalzare-ValidationOfErosionModeling,
  author = { Mehrad Kamalzare and Christopher Stuetzle and Zhongxian Chen and Thomas F. Zimmie and Barbara Cutler and W. Randolph Franklin },
  title = { Validation of Erosion Modeling: Physical and Numerical },
  booktitle = { GeoCongress },
  year = 2012,
  month = { March },
  %address = { Oakland, CA },
  %href = {\bibhref{Geocongress_2012}}
}

@InProceedings{ gross_icse_2010,
	author = { Jared A. Gross and Christopher S. Stuetzle and Zhongxian Chen and Barbara Cutler and W. Randolph Franklin and Thomas Zimmie},
	title = {Simulating Levee Erosion with Physical Modeling Validation},
	booktitle = {The 5th International Conference on Scour and Erosion},
	year = 2010,
	month = {November},
%	address = {San Fransisco, CA},	
}

@inproceedings{Zimmie1995,
 author = "Thomas F. Zimmie",
 title = "Geo-Environmental Research using Centrifuges",
 booktitle = "The Encyclopedia of Environmental Control Technology",
 volume = "9",
 chapter = "10",
 pages = "335--366",
 year = "1995",
% publisher = "Gulf Publishing Co.",
 address = "Houston, TX, USA",
}



%----------Hausdorff-----------%

@inproceedings{AVBPA01BioID,
    abstract = {{The localization of human faces in digital images is a fundamental step in the process of face recognition. This paper presents a shape comparison approach to achieve fast, accurate face detection that is robust to changes in illumination and background. The proposed method is edge-based and works on grayscale still images. The Hausdorff distance is used as a similarity measure between a general face model and possible instances of the object within the image. The paper describes an efficient implementation, making this approach suitable for real-time applications. A two-step process that allows both coarse detection and exact localization of faces is presented. Experiments were performed on a large test set base and rated with a new validation measurement.}},
    address = {Halmstad, Sweden},
    author = {Jesorsky, Oliver and Kirchberg, Klaus J. and Frischholz, Robert W.},
    booktitle = {Audio- and Video-Based Person Authentication - {AVBPA} 2001},
    citeulike-article-id = {1817173},
    citeulike-linkout-0 = {\#},
    editor = {Bigun, Josef and Smeraldi, Fabrizio},
    keywords = {bibtex-import, mypublication},
    pages = {90--95},
    posted-at = {2007-10-24 22:41:19},
    priority = {0},
    publisher = {Springer},
    series = {Lecture Notes in Computer Science},
    title = {{R}obust {F}ace {D}etection {U}sing the {H}ausdorff {D}istance},
    url = {citeseer.ist.psu.edu/jesorsky01robust.html},
    volume = {2091},
    year = {2001}
}

@article{Huttenlocher:1993:CIU:628305.628513,
 author = {Huttenlocher, D. P. and Klanderman, G. A. and Rucklidge, W. A.},
 title = {Comparing Images Using the Hausdorff Distance},
 journal = {IEEE Trans. Pattern Anal. Mach. Intell.},
 volume = {15},
 issue = {9},
 month = {September},
 year = {1993},
 issn = {0162-8828},
 pages = {850--863},
 numpages = {14},
 url = {http://dl.acm.org/citation.cfm?id=628305.628513},
 doi = {10.1109/34.232073},
 acmid = {628513},
 publisher = {IEEE Computer Society},
 address = {Washington, DC, USA},
 keywords = {Hausdorff distance, binary image, image comparison, image processing, position error tolerance, rigid motion, shape comparison methods, translation},
} 

@INPROCEEDINGS{ lipikorn:a,
  AUTHOR = "Rajalida Lipikorn and Akinobu Shimizu and Hidefumi Kobatake",
  TITLE = "A Modified Exoskeleton and a Hausdorff Distance Matching Algorithm for Shape-Based Object Recognition.",
  booktitle = "CISST'03",
  PAGES = {507-511},
  YEAR = {2003} 
}

@ARTICLE{ gao:resolution,
  AUTHOR = "Jay Gao",
  TITLE = "Resolution and Accuracy of Terrain Representation by Grid {DEMs} at a Micro-Scale.",
  JOURNAL = "International Journal of Geographical Information Science",
  PAGES = {199-212},
  YEAR = {1997}
}

@inproceedings{citeulike:1146653,
    abstract = {{The purpose of object matching is to decide the similarity between two objects. This paper introduces 24 possible distance measures based on the Hausdorff distance between two point sets. These measures can be used to match two sets of edge points extracted from any two objects. Based on experiments on synthetic images containing various levels of noise, the authors determined that one of these distance measures, called the modified Hausdorff distance (MHD) has the best performance for object matching. The advantages of MHD ever other distances are also demonstrated on several edge snaps of objects extracted from real images}},
    author = {Dubuisson, M. P. and Jain, A. K.},
    booktitle = {Proceedings of 12th International Conference on Pattern Recognition},
    citeulike-article-id = {1146653},
    citeulike-linkout-0 = {http://dx.doi.org/10.1109/ICPR.1994.576361},
    citeulike-linkout-1 = {http://ieeexplore.ieee.org/xpls/abs\_all.jsp?arnumber=576361},
    doi = {10.1109/ICPR.1994.576361},
    isbn = {0-8186-6265-4},
    journal = {Pattern Recognition, 1994. Vol. 1 - Conference A: Computer Vision \& Image Processing., Proceedings of the 12th IAPR International Conference on},
    keywords = {distance, hausdorff, matching, object, recognition},
    location = {Jerusalem, Israel},
    pages = {566--568},
    posted-at = {2007-03-08 07:47:21},
    priority = {3},
    publisher = {IEEE Comput. Soc. Press},
    title = {{A modified Hausdorff distance for object matching}},
    url = {http://dx.doi.org/10.1109/ICPR.1994.576361},
    volume = {1},
    year = {1994}
}



% -------------------------------
%       Distances

@inproceedings{Rubner:EarthMover,
 author = {Rubner, Yossi and Tomasi, Carlo and Guibas, Leonidas J.},
 title = {A Metric for Distributions with Applications to Image Databases},
 booktitle = {Proceedings of the Sixth International Conference on Computer Vision},
 series = {ICCV '98},
 year = {1998},
 isbn = {81-7319-221-9},
% pages = {59--},
 url = {http://dl.acm.org/citation.cfm?id=938978.939133},
 acmid = {939133},
 publisher = {IEEE Computer Society},
 address = {Washington, DC, USA},
} 

% -------------------------------
%	Hierarchical TINs

@article{Abdelguerfi-HierTINs,
  author = {Abdelguerfi, Mahdi and Wynne, Chris and Cooper, Edgar and Roy, Ladner},
  title = {Representation of {3-D} elevation in terrain databases using hierarchical triangulated irregular networks: a comparative analysis},
  journal = {International Journal of Geographical Information Science},
  volume = {12},
  number = {8},
  pages = {853-873},
  year = {1998},
  doi = {10.1080/136588198241536},
%  URL = {http://www.tandfonline.com/doi/abs/10.1080/136588198241536},
  eprint = {http://www.tandfonline.com/doi/pdf/10.1080/136588198241536}
}


@article{DeFloriani-HTINs,
 author = {De Floriani, Leila and Puppo, Enrico},
 title = {Hierarchical triangulation for multiresolution surface description},
 journal = {ACM Transactions on Graphics},
 volume = {14},
 issue = {4},
 month = {October},
 year = {1995},
 issn = {0730-0301},
 pages = {363--411},
 numpages = {49},
% url = {http://doi.acm.org/10.1145/225294.225297},
 doi = {http://doi.acm.org/10.1145/225294.225297},
 acmid = {225297},
 publisher = {ACM},
 city = {New York, NY, USA},
 keywords = {hierarchical subdivision, multiresolution surface model, terrain model, triangulation}
} 

@article {Velho-HierTINs,
   author = {Velho, Luiz and de Figueiredo, Luiz Henrique and Gomes, Jonas},
   affiliation = {IMPA – Instituto de Matemática Pura e Aplicada, Estrada Dona Castorina, 110, 22460-320 Rio de Janeiro, RJ, Brazil BR},
   title = {Hierarchical generalized triangle strips},
   journal = {The Visual Computer},
   publisher = {Springer Berlin / Heidelberg},
   issn = {0178-2789},
   keyword = {Computer Science},
   pages = {21-35},
   volume = {15},
   issue = {1},
   url = {http://dx.doi.org/10.1007/s003710050160},
   year = {1999}
}

@ARTICLE{BartholdiAndGoldsman-HierTINs, 
  author={{J.J. Bartholdi III} and P. Goldsman}, 
  journal={IEEE Transactions on Visualization and Computer Graphics}, 
  title={Multiresolution indexing of triangulated irregular networks}, 
  year={2004}, 
  month= {July}, 
  volume={10}, 
  number={4}, 
  pages={484 -495}, 
  keywords={hierarchical triangulation;multiresolution indexing;space-filling curve;spatial index;triangle mesh;triangulated irregular networks;computational geometry;curve fitting;mesh generation;Algorithms;Computer Graphics;Image Enhancement;Image Interpretation, Computer-Assisted;Imaging, Three-Dimensional;Signal Processing, Computer-Assisted;}, 
  doi={10.1109/TVCG.2004.14}, 
  ISSN={1077-2626}
}

% --------------------------------
%	Representations

@book{Farin:2001:CSC:501891,
 author = {Farin, Gerald},
 title = {Curves and surfaces for CAGD: a practical guide},
 year = {2002},
 isbn = {1-55860-737-4},
 edition = {5th},
 publisher = {Morgan Kaufmann Publishers Inc.},
 address = {San Francisco, CA, USA},
} 

@book{Faux:1979:CGD:578513,
 author = {Faux, I. D. and Pratt, M. J.},
 title = {Computational Geometry for Design and Manufacture},
 year = {1979},
 isbn = {047026473X},
 publisher = {Halsted Press},
 address = {New York, NY, USA},
} 

@inproceedings{Benes-LayeredDataRep,
	author = {Bedrich Benes and Rafael Forsbach},
	title = {Layered Data Representation for Visual Simulation of Terrain Erosion},
	booktitle = {Proceedings of the 17th Spring Conference on Computer Graphics},
	month = {April},
	year = {2001}
}


@inproceedings{Scarlatos:1990:HTU:949531.949559,
   author = {Scarlatos, Lori and Pavlidis, Theo},
   title = {Hierarchical triangulation using terrain features},
   booktitle = {Proceedings of the 1st Conference on Visualization '90},
   series = {VIS '90},
   year = {1990},
   isbn = {0-8186-2083-8},
   location = {San Francisco, California},
   pages = {168--175},
   numpages = {8},
   url = {http://dl.acm.org/citation.cfm?id=949531.949559},
   acmid = {949559},
   publisher = {IEEE Computer Society Press},
   city = {Los Alamitos, CA, USA}
  }


@book{KellyAndBaru_GPLATES,
    title = {Next-generation plate-tectonic reconstructions using GPlates},
    author = {G. Randy Keller and Chaitanya Baru},
    bookTitle = {Geoinformatics},
    publisher = {Cambridge University Press},
    year = {2011},
    url = {http://dx.doi.org/10.1017/CBO9780511976308},
    address = {Cambridge, United Kingdom}
  }

@inproceedings{Agarwal:1994:SAG:314464.314475,
   author = {Agarwal, Pankaj K. and Suri, Subhash},
   title = {Surface approximation and geometric partitions},
   booktitle = {Proceedings of the Fifth Annual ACM-SIAM Symposium on Discrete Algorithms},
   series = {SODA '94},
   year = {1994},
   isbn = {0-89871-329-3},
   location = {Arlington, Virginia, United States},
   pages = {24--33},
   numpages = {10},
   url = {http://dl.acm.org/citation.cfm?id=314464.314475},
   acmid = {314475},
   publisher = {Society for Industrial and Applied Mathematics},
   city = {Philadelphia, PA, USA}
  } 

@inproceedings{ elevationDataEffects,
    author = {Hoyt Walker and John M. Leone Jr. and Jinwon Kim},
    title = {The effects of elevation data representation on mesoscale atmospheric model simulations},
    year = 1996,
    booktitle = {International conference/workshop on integrating GIS and environmental modeling},
    location = {Santa Fe, NM, USA}
  }

@inproceedings{Cignoni97representationand,
    author = {P. Cignoni and E. Puppo and R. Scopigno},
    title = {Representation and Visualization of Terrain Surfaces at Variable Resolution},
    booktitle = {The Visual Computer},
    pages = {199-217},
    volume = {13},
    year = {1997}
  }


@inproceedings{Bertram:2003:ASS:769922.769942,
   author = {Bertram, Martin and Tricoche, Xavier and Hagen, Hans},
   title = {Adaptive smooth scattered-data approximation for large-scale terrain visualization},
   booktitle = {Proceedings of the Symposium on Data Visualisation 2003},
   series = {VISSYM '03},
   year = {2003},
   isbn = {1-58113-698-6},
   location = {Grenoble, France},
   pages = {177--184},
   numpages = {8},
   url = {http://dl.acm.org/citation.cfm?id=769922.769942},
   acmid = {769942},
   %publisher = {Eurographics Association},
   address = {Aire-la-Ville, Switzerland, Switzerland}
  }

@inproceedings{conf/wscg/Pedrini01,
    author = {Pedrini, Hélio},
    booktitle = {WSCG},
    interhash = {4eb783421bd60e1fa1faad607a24954f},
    intrahash = {034d012f0622729170d487d8747af46f},
    pages = {103-109},
    title = {An Improved Refinement and Decimation Method for Adaptive Terrain Surface Approximation},
    year = 2001,
    timestamp = {2005-05-25T00:00:00.000+0200},
    keywords = {dblp},
    added-at = {2005-05-25T00:00:00.000+0200},
    description = {dblp},
    date = {2005-05-25}
  }


@inproceedings{Baumann:1999:HHD:792758.793044,
   author = {Baumann, Konstantin and Doellner, Juergen and Hinrichs, Klaus and Kersting, Oliver},
   title = {A Hybrid, Hierarchical Data Structure for Real-Time Terrain Visualization},
   booktitle = {Proceedings of the International Conference on Computer Graphics},
   year = {1999},
   isbn = {0-7695-0185-0},
   pages = {85--92},
   url = {http://dl.acm.org/citation.cfm?id=792758.793044},
   acmid = {793044},
   %publisher = {IEEE Computer Society},
   address = {Washington, DC, USA},
   keywords = {digital elevation model, hybrid data structure, multiresolution modeling, real-time visualization, terrain visualization, triangulated irregular network}
  } 

@inproceedings{1e218e70004511dab4d5000ea68e967b,
  title = "Representation of geographic terrain surface using global indexing",
  author = "Jan Kolar",
  year = "2004",
  editor = "Brandt, {S. Anders}",
  pages = "321-329",
  booktitle = {Proceedings of the 12th International Conference on Geoinformatics Geospatial Information Research: Bridging the Pacific and Atlantic}
}

@INPROCEEDINGS{Grazzini05n.:extraction,
    author = {Jacopo Grazzini and Nektarios Chrysoulakis},
    title = {Extraction of surface properties from a high accuracy DEM using multiscale remote sensing techniques},
    booktitle = {Proceedings of the 19th Conference on Informatics for Environmental Protection},
    year = {2005},
    pages = {352--356}
  }

@article{Nobre_Cuartas_Hodnett_Rennó_Rodrigues_Silveira_Waterloo_Saleska_2011, 
    title={Height Above the nearest drainage: a hydrologically relevant new terrain model}, 
    volume={404}, 
    number={1-2}, 
    journal={Journal of Hydrology}, 
    publisher={Elsevier B.V.}, 
    author={Nobre, A D and Cuartas, L A and Hodnett, M and Renno, C D and Rodrigues, G and Silveira, A and Waterloo, M and Saleska, S}, 
    year={2011}, 
    pages={13--29}
  }

% ------------------------------------
%       Compression

@book{Penn92,
  added-at = {2007-01-15T15:15:55.000+0100},
  address = {New York, NY, USA},
  author = {Pennebaker, William B. and Mitchell, Joan L.},
  biburl = {http://www.bibsonomy.org/bibtex/2ea19dd21a935f9e77066d7d94dce691f/timo},
  interhash = {3ad642433265f96e5fb756bfc77676d2},
  intrahash = {ea19dd21a935f9e77066d7d94dce691f},
  keywords = {DCT JPEG algorithm coding compression image standard},
  publisher = {Van Nostrand Reinhold},
  timestamp = {2007-01-15T15:15:55.000+0100},
  title = {JPEG Still Image Data Compression Standard},
  year = 1992
}

@book{Taubman:2001:JIC:559856,
 author = {Taubman, David S. and Marcellin, Michael W.},
 title = {JPEG 2000: Image Compression Fundamentals, Standards and Practice},
 year = {2001},
 isbn = {079237519X},
 publisher = {Kluwer Academic Publishers},
 address = {Norwell, MA, USA}
} 

@article{Benes-CompressionScheme,
	author = { B. Benes and V. Tesinsky},
	title = {Compression Scheme for Volumetric Animations of Running Water},
	journal = {Computational Imagining and Vision},
	year = {2006},
	volume = {32},
}

@ARTICLE{Dyn02adaptivethinning,
    author = {N. Dyn and M. S. Floater and A. Iske},
    title = {Adaptive thinning for bivariate scattered data},
    journal = {Journal of Computational and Applied Mathematics},
    year = {2002},
    volume = {145},
    pages = {505--517}
  }

@inproceedings{Xie_approximatingterrain,
    author = {Zhongyi Xie and Marcus A. Andrade and Olph Franklin and Barbara Cutler and Metin Inanc and Daniel M. Tracy and Jonathan Muckell},
    title = {Approximating Terrain with Over-determined Laplacian {PDEs}},
    booktitle = {17th Fall Workshop on Computational Geometry},
    month = {November},
    year = {2006}
  }

@inproceedings{Pradhan_gisterrain,
    author = {B. Pradhan and Shattri Mansor and Abdul Rahman Ramli and Abdul Rashid and B. Mohamed Sharif},
    title = {{GIS} Terrain Data Compression Using Lifting Scheme: A New Dimension},
    year = {2007},
    booktitle = {International Journal of the Computer, the Internet and Management},
    vol = {15},
    pages = {9--19}
  }

@inproceedings{Stachniak_Stuerzlinger_2005, 
    title={An algorithm for automated fractal terrain deformation}, 
    volume={1}, 
    booktitle={Proceedings of Computer Graphics and Artificial Intelligence},
    author={Stachniak, S and Stuerzlinger, W}, 
    year={2005}, 
    pages={64--76}
  }

@inproceedings{Kim_ageometric,
    author = {Sung-Soo Kim and Mi-Gyung Cho and Hwan-gue Cho},
    title = {A Geometric Compression Algorithm For Massive Terrain Data Using {Delaunay} Triangulation},
    booktitle = {International Conferences in Central Europe on Computer Graphics, Visualization and Computer Vision},
    month = {February},
    pages = {124--131},
    year = {1999}
  }

@book{316738,
  added-at = {2008-12-06T14:13:09.000+0100},
  address = {New York, NY, USA},
  author = {Miano, John},
  biburl = {http://www.bibsonomy.org/bibtex/2d01f4b70a0c069948c58c3fd41c9b359/lysander07},
  interhash = {e61fd59d5f9d3f73cf3052f5fdb0c271},
  intrahash = {d01f4b70a0c069948c58c3fd41c9b359},
  isbn = {0-201-60443-4},
  keywords = {compression www01 wwwbook wwwkap4},
  publisher = {ACM Press/Addison-Wesley Publishing Co.},
  timestamp = {2008-12-06T14:13:09.000+0100},
  title = {Compressed image file formats: JPEG, PNG, GIF, XBM, BMP},
  year = 1999
}


@inproceedings{Stookey08parallelodetlap,
 author = {Stookey, Jared and Xie, Zhongyi and Cutler, Barbara and Franklin, W. Randolph and Tracy, Dan and Andrade, Marcus V. A.},
 title = {Parallel {ODETLAP} for terrain compression and reconstruction},
 booktitle = {Proceedings of the 16th ACM SIGSPATIAL International Conference on Advances in Geographic Information Systems},
 year = {2008},
 isbn = {978-1-60558-323-5},
 location = {Irvine, California},
 pages = {17:1--17:9}
}

@article{Freeman:1974:CPL:356625.356627,
 author = {Freeman, Herbert},
 title = {Computer Processing of Line-Drawing Images},
 journal = {ACM Compututing Surveys},
 issue_date = {March 1974},
 volume = {6},
 number = {1},
 month = {March},
 year = {1974},
 issn = {0360-0300},
 pages = {57--97},
 numpages = {41},
 url = {http://doi.acm.org/10.1145/356625.356627},
 doi = {10.1145/356625.356627},
 acmid = {356627},
 publisher = {ACM},
 address = {New York, NY, USA},
} 

@article{Ramar72:Polygonalapproximation,
    author = {Ramer, U.},
    citeulike-article-id = {9854883},
    citeulike-linkout-0 = {http://dx.doi.org/10.1016/S0146-664X(72)80017-0},
    doi = {10.1016/S0146-664X(72)80017-0},
    issn = {0146664X},
    journal = {Computer Graphics and Image Processing},
    keywords = {contour\_matching},
    month = {November},
    number = {3},
    pages = {244--256},
    posted-at = {2011-10-05 11:07:55},
    priority = {2},
    title = {{An iterative procedure for the polygonal approximation of plane curves}},
    url = {http://dx.doi.org/10.1016/S0146-664X(72)80017-0},
    volume = {1},
    year = {1972}
}

@MISC{Kyrki99jbigimage,
    author = {Ville Kyrki},
    title = {{JBIG} image compression standard},
    year = {1999}
}

@article{Zukoski:2006:NAM:1356588.1356594,
 author = {Zukoski, Matthew J. and Boult, Terrance and Iyriboz, Tunc},
 title = {A novel approach to medical image compression},
 journal = {International Journal of Bioinformatics Research and Applications},
 issue_date = {March 2006},
 volume = {2},
 number = {1},
 month = {March},
 year = {2006},
 issn = {1744-5485},
 pages = {89--103},
 numpages = {15},
 url = {http://dx.doi.org/10.1504/IJBRA.2006.009195},
 doi = {10.1504/IJBRA.2006.009195},
 acmid = {1356594},
 publisher = {Inderscience Publishers},
 address = {Inderscience Publishers, Geneva, SWITZERLAND},
 keywords = {JPEG, X\&\#45;ray, bioinformatics, clinically relevant, image compression, lossless compression, lossy compression, mammogram, medical imaging, mutual information maximisation, radiology, region of interest, snakes, wavelets},
}

@inproceedings{Raj:2007:NAM:1335117.1335447,
 author = {Raj, V. Naga Prudhvi and Venkateswarlu, T.},
 title = {A Novel Approach to Medical Image Compression Using Sequential {3D DCT}},
 booktitle = {Proceedings of the International Conference on Computational Intelligence and Multimedia Applications},
  volume = 3,
 series = {ICCIMA '07},
 year = {2007},
 isbn = {0-7695-3050-8},
 pages = {146--152},
 numpages = {7},
 url = {http://dx.doi.org/10.1109/ICCIMA.2007.30},
 doi = {10.1109/ICCIMA.2007.30},
 acmid = {1335447},
}

 publisher = {IEEE Computer Society},
 address = {Washington, DC, USA},

@misc{7z-Pavlov,
  author = { Igor Pavlov },
  title = {7-Zip},
  url = {http://www.7-zip.org},
  note = {Internet: \url{http://www.7-zip.org} [July 31, 2012]}
}

% ------------------------------------
%	Channels

@ARTICLE{OCALLAGHAN-Extraction,
  AUTHOR = "John F. O'Callaghan and David M. Mark",
  TITLE = "The extraction of drainage networks from digital elevation data.",
  JOURNAL = "Computer Vision, Graphics, and Image Processing",
  PAGES = {323--344},
  YEAR = {1984}  
}

@Article{hess-15-667-2011,
  AUTHOR = {Metz, M. and Mitasova, H. and Harmon, R. S.},
  TITLE = {Efficient extraction of drainage networks from massive, radar-based elevation models with least cost path search},
  JOURNAL = {Hydrology and Earth System Sciences},
  VOLUME = {15},
  YEAR = {2011},
  NUMBER = {2},
  PAGES = {667--678},
  DOI = {10.5194/hess-15-667-2011}
%  URL = {http://www.hydrol-earth-syst-sci.net/15/667/2011/},
}

@Article{citeulike:5493394,
    day = {15},
    doi = {10.1016/j.compenvurbsys.2009.07.004},
    issn = {01989715},
    journal = {Computers, Environment and Urban Systems},
    keywords = {generalization},
    month = {September},
    number = {5},
    pages = {325--333},
    priority = {5},
    title = {Feature pruning by upstream drainage area to support automated generalization of the United States National Hydrography Dataset},
    author = {Stanislawski, Lawrence V.},
    volume = {33},
    year = {2009}
}

@InProceedings{ stanislawski-pruning,
  title = {Pruning of Hydrographic Networks: A Comparison of Two Approaches},
  author = {Stanislawski, Lawrence V. and Savino, Sandro},
  booktitle = {14th ICA/ISPRS Workshop on Generalisation and Multiple Representation},
  year = 2011,
  month = September,
  city = {Paris, France}
}

% --------------------------------
%	Terrain Distance

@InProceedings{ stuetzle-TerrainDistances,
  author = { Christopher Stuetzle and Barbara Cutler and Zhongxian Chen and W. Randolph Franklin and Mehrad Kamalzare and Thomas Zimmie },
  title = { {Ph.D.} Showcase: Measuring Terrain Distances Through Extracted Channel Networks },
  booktitle = { 19th ACM SIGSPATIAL International Conference on Advances in Geographic Information Systems},
  year = 2011,
  address = { Chicago, IL },
  month = { November },
  days = { 1-4 },
  href = {\bibhref{Stuetzle_TerrainDistances_ACMGIS2011}}
}

@article{Muckell:2009:EHP:1517463.1517470,
 author = {Jonathan Muckell and Christopher Stuetzle and Marcus Andrade and W. Randolph Franklin and Barbara Cutler},
 title = {Evaluating hydrology preservation of simplified terrain representations},
 journal = {SIGSPATIAL Special},
 issue_date = {March 2009},
 volume = {1},
 number = {1},
 month = {March},
 year = {2009},
 issn = {1946-7729},
 pages = {51--56},
 numpages = {6},
 url = {http://doi.acm.org/10.1145/1517463.1517470},
 doi = {10.1145/1517463.1517470},
 acmid = {1517470},
 publisher = {ACM},
 address = {New York, NY, USA},
} 

@article {ESP:ESP3290120107,
  author = {Zevenbergen, Lyle W. and Thorne, Colin R.},
  title = {Quantitative analysis of land surface topography},
  journal = {Earth Surface Processes and Landforms},
  volume = {12},
  number = {1},
  publisher = {John Wiley & Sons, Ltd},
  issn = {1096-9837},
  url = {http://dx.doi.org/10.1002/esp.3290120107},
  doi = {10.1002/esp.3290120107},
  pages = {47--56},
  keywords = {Terrain analysis, Topography, Hydrological modelling},
  year = {1987},
}


@article{Rubner:2000:EMD:365875.365881,
 author = {Rubner, Yossi and Tomasi, Carlo and Guibas, Leonidas J.},
 title = {The Earth Mover's Distance as a Metric for Image Retrieval},
 journal = {International Journal of Computer Vision},
 issue_date = {Nov. 2000},
 volume = {40},
 number = {2},
 month = {November},
 year = {2000},
 issn = {0920-5691},
 pages = {99--121},
 numpages = {23},
 url = {http://dx.doi.org/10.1023/A:1026543900054},
 doi = {10.1023/A:1026543900054},
 acmid = {365881},
 publisher = {Kluwer Academic Publishers},
 address = {Hingham, MA, USA},
 keywords = {Earth Mover's Distance, color, image retrieval, perceptual metrics, texture}
}

@article{Ling:2007:EEM:1263143.1263456,
 author = {Ling, Haibin and Okada, Kazunori},
 title = {An Efficient Earth Mover's Distance Algorithm for Robust Histogram Comparison},
 journal = {IEEE Transactions on Pattern Analysis and Machine Intelligence},
 issue_date = {May 2007},
 volume = {29},
 number = {5},
 month = {May},
 year = {2007},
 issn = {0162-8828},
 pages = {840--853},
 numpages = {14},
 url = {http://dx.doi.org/10.1109/TPAMI.2007.1058},
 doi = {10.1109/TPAMI.2007.1058},
 acmid = {1263456},
 publisher = {IEEE Computer Society},
 address = {Washington, DC, USA},
 keywords = {Earth Mover's Distance, transportation problem, histogram-based descriptor, SIFT, shape context, spin image, shape matching, interest point matching.}
}

@phdthesis{Tracy:2009:PPS:1751402,
 author = {Tracy, Daniel M.},
 advisor = {Franklin, W. Randolph},
 title = {Path planning and slope representation on compressed terrain},
 year = {2009},
 isbn = {978-1-109-37138-3},
 school = {Rensselaer Polytechnic Institute},
 address = {Troy, NY, USA}
} 



% --------------------------
%	Metin's work

@PhdThesis{inanc-phd,
  author =      {Metin Inanc},
  title =      {Compressing Terrain Elevation Datasets},
  school =      {Rensselaer Polytechnic Institute},
  address = {Troy, NY, USA},
  year =      2008
}

@InProceedings{wrf-autocarto-2006,
  author =      {W. Randolph Franklin and Metin Inanc and Zhongyi Xie},
  title =      {Two Novel Surface Representation Techniques},
  booktitle =      {Autocarto},
  year =     2006,
  address =     {Vancouver Washington},
  month =     {June},
  organization = {Cartography and Geographic Information Society},
  href =         {\bibhref{111-vancouverwa-autocarto06-twonovel}}
}

%---------------------------------
%	Terrain Generation

@article{Perlin:1985:IS:325165.325247,
 author = {Perlin, Ken},
 title = {An image synthesizer},
 journal = {Proceedings of the 12th Annual Conference on Computer Graphics and Interactive Techniques},
 issue_date = {Jul. 1985},
 volume = {19},
 number = {3},
 month = {July},
 year = {1985},
 issn = {0097-8930},
 pages = {287--296},
 numpages = {10},
 url = {http://doi.acm.org/10.1145/325165.325247},
 doi = {10.1145/325165.325247},
 acmid = {325247},
 publisher = {ACM},
 address = {New York, NY, USA},
 keywords = {algorithm development, fire, functional composition, interactive, pixel stream editor, solid texture, space function, stochastic modelling, turbulence, waves},
}

@INPROCEEDINGS{Smelik09asurvey,
    author = {Ruben M. Smelik and Klaas Jan De Kraker and Saskia A. Groenewegen and Tim Tutenel and Rafael Bidarra},
    title = {A Survey of Procedural Methods for Terrain Modelling},
    booktitle = {Proceedings of the CASA Workshop on 3D Advanced Media In Gaming And Simulation},
    year = {2009},
    month = {June}
}

@inproceedings{Ong:2005:TGU:1068009.1068241,
   author = {Ong, Teong Joo and Saunders, Ryan and Keyser, John and Leggett, John J.},
   title = {Terrain generation using genetic algorithms},
   booktitle = {Proceedings of the 2005 Conference on Genetic and Evolutionary Computation},
   year = {2005},
   isbn = {1-59593-010-8},
   location = {Washington DC, USA},
   pages = {1463--1470},
   numpages = {8},
   url = {http://doi.acm.org/10.1145/1068009.1068241},
   doi = {http://doi.acm.org/10.1145/1068009.1068241},
   acmid = {1068241},
   %publisher = {ACM},
   city = {New York, NY, USA},
   keywords = {genetic algorithms, geographic information systems (GIS), height field, image processing, terrain generation},
  %series = {GECCO '05},
  } 

@article{FradeVC09,
   title = {Breeding Terrains with Genetic Terrain Programming: The Evolution of Terrain Generators},
   author = {Miguel Frade and Francisco Fernández de Vega and Carlos Cotta},
   year = {2009},
   doi = {http://dx.doi.org/10.1155/2009/125714},
   tags = {programming, genetic programming},
   researchr = {http://researchr.org/publication/FradeVC09},
   cites = {0},
   citedby = {0},
   journal = {International Journal of Computer Games Technology},
   volume = {2009}
  }

@INPROCEEDINGS{5585913, 
    author={Walsh, P. and Gade, P.}, 
    booktitle={IEEE Congress on Evolutionary Computation }, 
    title={Terrain generation using an Interactive Genetic Algorithm}, 
    year={2010}, 
    month={July}, 
    volume={}, 
    number={}, 
    pages={1 -7}, 
    doi={10.1109/CEC.2010.5585913}, 
    ISSN={}
  }


@article{Doran2010Terrain,
   author = {Jon Doran and Ian Parberry},
   title = {Controlled Procedural Terrain Generation Using Software Agents},
   journal = {IEEE Transactions on Computational Intelligence and AI in Games},
   volume = {2},
   number = {2},
   year = {2010},
   pages = {111--119},
   publisher = {IEEE}
  }



%---------------------------------
%        Laser Pointers


@inproceedings{olsen2001,
  author = {Olsen, Dan R. and Nielsen, Travis S.},
  booktitle = {Computer Human Interaction},
  citeulike-article-id = {2859275},
  citeulike-linkout-0 = {http://citeseerx.ist.psu.edu/viewdoc/summary?doi=10.1.1.58.606},
  keywords = {laser-pointer},
  pages = {17--22},
  posted-at = {2008-06-03 15:49:50},
  priority = {0},
  title = {{Laser pointer interaction}},
  url = {http://citeseerx.ist.psu.edu/viewdoc/summary?doi=10.1.1.58.606},
  year = {2001},
  booktitle = {Proceedings of the SIGCHI Conference on Human Factors in Computing Systems},
  pages = {17--22}
}

@inproceedings{Oh02laserpointers,
    author = {Ji-Young Oh and Wolfgang Stuerzlinger},
    title = {Laser Pointers as Collaborative Pointing Devices},
    booktitle = {Graphics Interface},
    year = {2002}
  }

@ARTICLE{Davis00lumipoint:multi-user,
    author = {James Davis and Xing Chen},
    title = {LumiPoint: Multi-User Laser-Based Interaction on Large Tiled Displays},
    journal = {Displays},
    year = {2000},
    volume = {23}
  }

@inproceedings{Cheng:2003:DIL:857080.857088,
  author = {Cheng, Kelvin and Pulo, Kevin},
  title = {Direct interaction with large-scale display systems using infrared laser tracking devices},
  booktitle = {Proceedings of the Asia-Pacific Symposium on Information Visualisation},
  year = {2003},
  isbn = {1-920682-03-1},
  location = {Adelaide, Australia},
  pages = {67--74},
  numpages = {8},
  url = {http://dl.acm.org/citation.cfm?id=857080.857088},
  acmid = {857088},
  %publisher = {Australian Computer Society, Inc.},
  city = {Darlinghurst, Australia, Australia},
  keywords = {direct interaction, human computer interaction, information visualisation, infrared laser pointer, infrared tracker system, large scale display, presentation control},
  series = {APVis '03},
  } 

@INPROCEEDINGS{Vogt03trackingmultiple,
    author = {Florian Vogt and Justin Wong and Sidney Fels and Duncan Cavens},
    title = {Tracking Multiple Laser Pointers for Large Screen Interaction},
    booktitle = {Extended Abstracts UIST},
    year = {2003},
    pages = {95--96}
  }


@inproceedings{Vogt:2004:ECG:1009379.1009663,
   author = {Vogt, Florian and Wong, Justin and Po, Barry A. and Argue, Ritchie and Fels, S. Sidney and Booth, Kellogg S.},
   title = {Exploring Collaboration with Group Pointer Interaction},
   booktitle = {Proceedings of the Computer Graphics International},
   year = {2004},
   isbn = {0-7695-2171-1},
   pages = {636--639},
   numpages = {4},
   url = {http://dl.acm.org/citation.cfm?id=1009379.1009663},
   doi = {10.1109/CGI.2004.43},
   acmid = {1009663},
%   publisher = {IEEE Computer Society},
   address = {Washington, DC, USA},
   keywords = {reg},
  } 


@TECHREPORT{Pavlovych04laserpointers,
    author = {Andriy Pavlovych and Wolfgang Stuerzlinger},
    title = {Laser Pointers as Interaction Devices for Collaborative Pervasive Computing},
    institution = {Center for Parallel Computing},
    year = {2004}
  }


@inproceedings{BiUpen,
    author = {Bi, Xiaojun and Shi, Yuanchun and Chen, Xiaojie and Xiang, Peifeng},
    booktitle = {Proceedings of the 13th Annual ACM International Conference on Multimedia},
    citeulike-article-id = {1032710},
    citeulike-linkout-0 = {http://portal.acm.org/citation.cfm?id=1101370},
    citeulike-linkout-1 = {http://dx.doi.org/10.1145/1101149.1101370},
    doi = {10.1145/1101149.1101370},
    isbn = {1595930442},
    keywords = {input, interaction, laser, pointing, wall},
    pages = {1049--1050},
    posted-at = {2007-01-09 23:38:08},
    priority = {2},
    year = {2005},
    %publisher = {ACM Press},
    address = {New York, NY, USA},
    title = {{uPen: laser-based, personalized, multi-user interaction on large displays}},
    url = {http://dx.doi.org/10.1145/1101149.1101370},
}


@inproceedings{delaOChavez:2008:INL:1387269.1387276,
   author = {de la O Ch\'{a}vez, Francisco and Fern\'{a}ndez de Vega, Francisco and Olague, Gustavo and Llano Montero, Joaqu\'{\i}n},
   title = {An independent and non-intrusive laser pointer environment control device system},
   booktitle = {Proceedings of the 5th International Conference on Pervasive Services},
   year = {2008},
   isbn = {978-1-60558-135-4},
   location = {Sorrento, Italy},
   pages = {37--46},
   numpages = {10},
   url = {http://doi.acm.org/10.1145/1387269.1387276},
   doi = {http://doi.acm.org/10.1145/1387269.1387276},
   acmid = {1387276},
   %publisher = {ACM},
   city = {New York, NY, USA},
   keywords = {adaptative systems, domotic systems, handicapped people, laser pointer, user interface human factors},
   series = {ICPS '08},
  }


@inproceedings{Qin:2010:SLP:1842993.1843022,
   author = {Qin, Yongqiang and Shi, Yuanchun and Jiang, Hao and Yu, Chun},
   title = {Structured laser pointer: enabling wrist-rolling movements as a new interactive dimension},
   booktitle = {Proceedings of the International Conference on Advanced Visual Interfaces},
   year = {2010},
   isbn = {978-1-4503-0076-6},
   location = {Roma, Italy},
   pages = {163--166},
   numpages = {4},
   url = {http://doi.acm.org/10.1145/1842993.1843022},
   doi = {http://doi.acm.org/10.1145/1842993.1843022},
   acmid = {1843022},
   %publisher = {ACM},
   city = {New York, NY, USA},
   keywords = {performance exploration, structured laser pointer, wrist-rolling movements}
 series = {AVI '10},
  } 


@INPROCEEDINGS{ angelini:multi-user,
   AUTHOR = "Leonardo Angelini and Maurizio Caon and Stefano Carrino and Omar Abou Khaled and Elena Mugellini",
   TITLE = "Multi-user Pointing and Gesture Interaction for Large Screen Using Infrared Emitters and Accelerometers.",
   booktitle = "Human Computer Interaction",
   PAGES = {185-193},
   YEAR = {2011}  
  }


@Article{hess-15-667-2011,
  AUTHOR = {Metz, M. and Mitasova, H. and Harmon, R. S.},
  TITLE = {Efficient extraction of drainage networks from massive, radar-based elevation models with least cost path search},
  JOURNAL = {Hydrology and Earth System Sciences},
  VOLUME = {15},
  YEAR = {2011},
  NUMBER = {2},
  PAGES = {667--678},
  URL = {http://www.hydrol-earth-syst-sci.net/15/667/2011/},
  DOI = {10.5194/hess-15-667-2011}
}

@article{O'Callaghan1984323, 
  title = "The extraction of drainage networks from digital elevation data", 
  journal = "Computer Vision, Graphics, and Image Processing", 
  volume = "28", 
  number = "3", 
  pages = "323 - 344", 
  year = "1984", 
  note = "",
  issn = "0734-189X",
  doi = "DOI: 10.1016/S0734-189X(84)80011-0", 
  url = "http://www.sciencedirect.com/science/article/B7GXG-4KJ6M8P-4/2/96349b6b513f72fb830cfc314990097b",
  author = "John F. O'Callaghan and David M. Mark" 
}




@article{kuhn,
author = "Harold W. Kuhn", 
title = "The Hungarian Method for the assignment problem",
journal = "Naval Research Logistics Quarterly", 
volume = "2",
pages = "83--97",
year = "1955" 
}

@article{munkres,
author = "J. Munkres", 
title = "Algorithms for the Assignment and Transportation
Problems",
journal = "Journal of the Society for Industrial and Applied
Mathematics",
volume = "5",
number = "1",
pages = "32--38",
year = "1957",
month = {March}
}

@misc {munkres_implementation,
author = "John Weaver",
note = {Internet: \url{https://github.com/saebyn/munkres-cpp} [July 28th, 2012]},
year = 2010,
title = "Kuhn-Munkres (Hungarian) Algorithm in C++"
}

@article {kalman,
  author = "R.E. Kalman",
  year = 1960,
  title = "A new approach to linear filtering and prediction problems",
  journal = "Journal of Basic Engineering",
  volume = 82,
  number = 1,
  pages = "35--45"
}


@inproceedings{Pavlovych:2008:ESC:1462027.1462035,
   author = {Pavlovych, Andriy and Stuerzlinger, Wolfgang},
   title = {Effect of screen configuration and interaction devices in shared display groupware},
   booktitle = {Proceeding of the 3rd ACM International Workshop on Human-Centered Computing},
   year = {2008},
   isbn = {978-1-60558-320-4},
   location = {Vancouver, British Columbia, Canada},
   pages = {49--56},
   numpages = {8},
   url = {http://doi.acm.org/10.1145/1462027.1462035},
   doi = {http://doi.acm.org/10.1145/1462027.1462035},
   acmid = {1462035},
%   publisher = {ACM},
   city = {New York, NY, USA},
   keywords = {cscw, interactive walls, laser pointers, tabletops}
%series = {HCC '08},
}


@inproceedings{Shizuki:2006:LPI:1133265.1133284,
   author = {Shizuki, Buntarou and Hisamatsu, Takaomi and Takahashi, Shin and Tanaka, Jiro},
   title = {Laser pointer interaction techniques using peripheral areas of screens},
   booktitle = {Proceedings of the Working Conference on Advanced Visual Interfaces},
   year = {2006},
   isbn = {1-59593-353-0},
   location = {Venezia, Italy},
   pages = {95--98},
   numpages = {4},
   url = {http://doi.acm.org/10.1145/1133265.1133284},
   doi = {http://doi.acm.org/10.1145/1133265.1133284},
   acmid = {1133284},
   %publisher = {ACM},
   city = {New York, NY, USA},
   keywords = {computer-based presentation, goal crossing, interaction techniques, laser pointers, pointing}
   series = {AVI '06},
}

@inproceedings{Ahlborn:2005:PSL:1101616.1101637,
   author = {Ahlborn, Benjamin A. and Thompson, David and Kreylos, Oliver and Hamann, Bernd and Staadt, Oliver G.},
   title = {A practical system for laser pointer interaction on large displays},
   booktitle = {Proceedings of the ACM Symposium on Virtual Reality Software and Technology},
   year = {2005},
   isbn = {1-59593-098-1},
   location = {Monterey, CA, USA},
   pages = {106--109},
   numpages = {4},
   url = {http://doi.acm.org/10.1145/1101616.1101637},
   doi = {http://doi.acm.org/10.1145/1101616.1101637},
   acmid = {1101637},
   %publisher = {ACM},
   city = {New York, NY, USA},
   keywords = {interaction, laser pointer, tiled displays}
%	series = {VRST '05},
}

  
%-------------------------
%    Other

@article{nyquist,
    author = {Nyquist, H.},
    citeulike-article-id = {966439},
    doi = {10.1109/5.989875},
    journal = {Proceedings of the IEEE},
    number = {2},
    pages = {280--305},
    posted-at = {2008-09-07 18:07:49},
    priority = {0},
    title = {{Certain topics in telegraph transmission theory}},
    url = {http://dx.doi.org/10.1109/5.989875},
    volume = {90},
    year = {2002}
}