@inproceedings{olsen2001,
  author = {Olsen, Dan R. and Nielsen, Travis S.},
  booktitle = {CHI},
  citeulike-article-id = {2859275},
  citeulike-linkout-0 = {http://citeseerx.ist.psu.edu/viewdoc/summary?doi=10.1.1.58.606},
  keywords = {laser-pointer},
  pages = {17--22},
  posted-at = {2008-06-03 15:49:50},
  priority = {0},
  title = {{Laser pointer interaction}},
  url = {http://citeseerx.ist.psu.edu/viewdoc/summary?doi=10.1.1.58.606},
  year = {2001}
}

@inproceedings{Oh02laserpointers,
    author = {Ji-Young Oh and Wolfgang Stuerzlinger},
    title = {Laser Pointers as Collaborative Pointing Devices},
    booktitle = {Graphics Interface},
    year = {2002}
  }

@ARTICLE{Davis00lumipoint:multi-user,
    author = {James Davis and Xing Chen},
    title = {LumiPoint: Multi-User Laser-Based Interaction on Large Tiled Displays},
    journal = {Displays},
    year = {2000},
    volume = {23}
  }

@inproceedings{Cheng:2003:DIL:857080.857088,
  author = {Cheng, Kelvin and Pulo, Kevin},
  title = {Direct interaction with large-scale display systems using infrared laser tracking devices},
  booktitle = {Proceedings of the Asia-Pacific symposium on Information visualisation - Volume 24},
  series = {APVis '03},
  year = {2003},
  isbn = {1-920682-03-1},
  location = {Adelaide, Australia},
  pages = {67--74},
  numpages = {8},
  url = {http://dl.acm.org/citation.cfm?id=857080.857088},
  acmid = {857088},
  publisher = {Australian Computer Society, Inc.},
  address = {Darlinghurst, Australia, Australia},
  keywords = {direct interaction, human computer interaction, information visualisation, infrared laser pointer, infrared tracker system, large scale display, presentation control},
  } 

@INPROCEEDINGS{Vogt03trackingmultiple,
    author = {Florian Vogt and Justin Wong and Sidney Fels and Duncan Cavens},
    title = {Tracking Multiple Laser Pointers for Large Screen Interaction},
    booktitle = {Ext. Abstracts UIST},
    year = {2003},
    pages = {95--96}
  }


@inproceedings{Vogt:2004:ECG:1009379.1009663,
   author = {Vogt, Florian and Wong, Justin and Po, Barry A. and Argue, Ritchie and Fels, S. Sidney and Booth, Kellogg S.},
   title = {Exploring Collaboration with Group Pointer Interaction},
   booktitle = {Proceedings of the Computer Graphics International},
   year = {2004},
   isbn = {0-7695-2171-1},
   pages = {636--639},
   numpages = {4},
   url = {http://dl.acm.org/citation.cfm?id=1009379.1009663},
   doi = {10.1109/CGI.2004.43},
   acmid = {1009663},
   publisher = {IEEE Computer Society},
   address = {Washington, DC, USA},
   keywords = {reg},
  } 


@TECHREPORT{Pavlovych04laserpointers,
    author = {Andriy Pavlovych and Wolfgang Stuerzlinger},
    title = {Laser Pointers as Interaction Devices for Collaborative Pervasive Computing},
    institution = {Center for Parallel Computing},
    year = {2004}
  }


@inproceedings{BiUpen,
    address = {New York, NY, USA},
    author = {Bi, Xiaojun and Shi, Yuanchun and Chen, Xiaojie and Xiang, Peifeng},
    booktitle = {MULTIMEDIA '05: Proceedings of the 13th annual ACM international conference on Multimedia},
    citeulike-article-id = {1032710},
    citeulike-linkout-0 = {http://portal.acm.org/citation.cfm?id=1101370},
    citeulike-linkout-1 = {http://dx.doi.org/10.1145/1101149.1101370},
    doi = {10.1145/1101149.1101370},
    isbn = {1595930442},
    keywords = {input, interaction, laser, pointing, wall},
    pages = {1049--1050},
    posted-at = {2007-01-09 23:38:08},
    priority = {2},
    publisher = {ACM Press},
    title = {{uPen: laser-based, personalized, multi-user interaction on large displays}},
    url = {http://dx.doi.org/10.1145/1101149.1101370},
    year = {2005}
}


@inproceedings{delaOChavez:2008:INL:1387269.1387276,
   author = {de la O Ch\'{a}vez, Francisco and Fern\'{a}ndez de Vega, Francisco and Olague, Gustavo and Llano Montero, Joaqu\'{\i}n},
   title = {An independent and non-intrusive laser pointer environment control device system},
   booktitle = {Proceedings of the 5th international conference on Pervasive services},
   series = {ICPS '08},
   year = {2008},
   isbn = {978-1-60558-135-4},
   location = {Sorrento, Italy},
   pages = {37--46},
   numpages = {10},
   url = {http://doi.acm.org/10.1145/1387269.1387276},
   doi = {http://doi.acm.org/10.1145/1387269.1387276},
   acmid = {1387276},
   publisher = {ACM},
   address = {New York, NY, USA},
   keywords = {adaptative systems, domotic systems, handicapped people, laser pointer, user interface human factors},
  }


@inproceedings{Qin:2010:SLP:1842993.1843022,
   author = {Qin, Yongqiang and Shi, Yuanchun and Jiang, Hao and Yu, Chun},
   title = {Structured laser pointer: enabling wrist-rolling movements as a new interactive dimension},
   booktitle = {Proceedings of the International Conference on Advanced Visual Interfaces},
   series = {AVI '10},
   year = {2010},
   isbn = {978-1-4503-0076-6},
   location = {Roma, Italy},
   pages = {163--166},
   numpages = {4},
   url = {http://doi.acm.org/10.1145/1842993.1843022},
   doi = {http://doi.acm.org/10.1145/1842993.1843022},
   acmid = {1843022},
   publisher = {ACM},
   address = {New York, NY, USA},
   keywords = {performance exploration, structured laser pointer, wrist-rolling movements}
  } 


@INPROCEEDINGS{ angelini:multi-user,
   AUTHOR = "Leonardo Angelini and Maurizio Caon and Stefano Carrino and Omar Abou Khaled and Elena Mugellini",
   TITLE = "Multi-user Pointing and Gesture Interaction for Large Screen Using Infrared Emitters and Accelerometers.",
   booktitle = "HCI (2)'11",
   PAGES = {185-193},
   YEAR = {2011}  
  }


@Article{hess-15-667-2011,
  AUTHOR = {Metz, M. and Mitasova, H. and Harmon, R. S.},
  TITLE = {Efficient extraction of drainage networks from massive, radar-based elevation models with least cost path search},
  JOURNAL = {Hydrology and Earth System Sciences},
  VOLUME = {15},
  YEAR = {2011},
  NUMBER = {2},
  PAGES = {667--678},
  URL = {http://www.hydrol-earth-syst-sci.net/15/667/2011/},
  DOI = {10.5194/hess-15-667-2011}
}

@article{O'Callaghan1984323, 
  title = "The extraction of drainage networks from digital elevation data", 
  journal = "Computer Vision, Graphics, and Image Processing", 
  volume = "28", 
  number = "3", 
  pages = "323 - 344", 
  year = "1984", 
  note = "",
  issn = "0734-189X",
  doi = "DOI: 10.1016/S0734-189X(84)80011-0", 
  url = "http://www.sciencedirect.com/science/article/B7GXG-4KJ6M8P-4/2/96349b6b513f72fb830cfc314990097b",
  author = "John F. O'Callaghan and David M. Mark" 
}




@article{kuhn,
author = "Harold W. Kuhn", 
title = "The Hungarian Method for the assignment problem",
journal = "Naval Research Logistics Quarterly", 
volume = "2",
pages = "83-–97",
year = "1955" 
}

@article{munkres,
author = "J. Munkres", 
title = "Algorithms for the Assignment and Transportation
Problems",
journal = "Journal of the Society for Industrial and Applied
Mathematics",
volume = "5",
number = "1",
pages = "32–-38",
year = "1957",
month = "March",
}

@misc {munkres_implementation,
author = "John Weaver",
url = {https://github.com/saebyn/munkres-cpp},
year = 2010,
title = "Kuhn-Munkres (Hungarian) Algorithm in C++"
}

@article {kalman,
author = "R.E. Kalman",
year = 1960,
title = "A new approach to linear filtering and prediction problems",
journal = "Journal of Basic Engineering",
volume = 82,
number = 1,
pages = "35–-45",
}


@inproceedings{Pavlovych:2008:ESC:1462027.1462035,
   author = {Pavlovych, Andriy and Stuerzlinger, Wolfgang},
   title = {Effect of screen configuration and interaction devices in shared display groupware},
   booktitle = {Proceeding of the 3rd ACM international workshop on Human-centered computing},
   series = {HCC '08},
   year = {2008},
   isbn = {978-1-60558-320-4},
   location = {Vancouver, British Columbia, Canada},
   pages = {49--56},
   numpages = {8},
   url = {http://doi.acm.org/10.1145/1462027.1462035},
   doi = {http://doi.acm.org/10.1145/1462027.1462035},
   acmid = {1462035},
   publisher = {ACM},
   address = {New York, NY, USA},
   keywords = {cscw, interactive walls, laser pointers, tabletops}
}


@inproceedings{Shizuki:2006:LPI:1133265.1133284,
   author = {Shizuki, Buntarou and Hisamatsu, Takaomi and Takahashi, Shin and Tanaka, Jiro},
   title = {Laser pointer interaction techniques using peripheral areas of screens},
   booktitle = {Proceedings of the working conference on Advanced visual interfaces},
   series = {AVI '06},
   year = {2006},
   isbn = {1-59593-353-0},
   location = {Venezia, Italy},
   pages = {95--98},
   numpages = {4},
   url = {http://doi.acm.org/10.1145/1133265.1133284},
   doi = {http://doi.acm.org/10.1145/1133265.1133284},
   acmid = {1133284},
   publisher = {ACM},
   address = {New York, NY, USA},
   keywords = {computer-based presentation, goal crossing, interaction techniques, laser pointers, pointing}
}

@inproceedings{Ahlborn:2005:PSL:1101616.1101637,
   author = {Ahlborn, Benjamin A. and Thompson, David and Kreylos, Oliver and Hamann, Bernd and Staadt, Oliver G.},
   title = {A practical system for laser pointer interaction on large displays},
   booktitle = {Proceedings of the ACM symposium on Virtual reality software and technology},
   series = {VRST '05},
   year = {2005},
   isbn = {1-59593-098-1},
   location = {Monterey, CA, USA},
   pages = {106--109},
   numpages = {4},
   url = {http://doi.acm.org/10.1145/1101616.1101637},
   doi = {http://doi.acm.org/10.1145/1101616.1101637},
   acmid = {1101637},
   publisher = {ACM},
   address = {New York, NY, USA},
   keywords = {interaction, laser pointer, tiled displays}
}
