@inproceedings{Ashdown2004,
 author = {Ashdown, Mark and Flagg, Matthew and Sukthankar, Rahul and Rehg, James M.},
 title = {{A Flexible Projector-Camera System for Multi-Planar Displays}},
 booktitle = {Proceedings of the 2004 IEEE Computer Society Conference on Computer Vision and Pattern Recognition (CVPR)},
 year = {2004},
 location = {Washington, D.C., USA},
 pages = {165--172},
 publisher = {IEEE Computer Society},
 address = {Washington, DC, USA},
} 

@article{Azuma1997,
    author = {Ronald T. Azuma},
    title = {{A Survey of Augmented Reality}},
    journal = {Presence: Teleoperators and Virtual Environments},
    volume = {6},
    number = {4},
    month = {August},
    year = {1997},
    pages = {355-385},
}

@comment{ MISSING REFERENCE : Bimber book! }
@book{BimberBook,
 author = {Bimber, Oliver and Raskar, Ramesh},
 title = {{Spatial Augmented Reality: Merging Real and Virtual Worlds}},
 publisher = {A K Peters LTD},
 year = {2005},
}

@inproceedings{Bimber2005,
 author = {Bimber, Oliver and Fr\"{o}hlich, Bernd and Schmalstieg, Dieter and Encarna\c{c}\~{a}o, L. Miguel},
 title = {{The Virtual Showcase}},
 booktitle = {ACM SIGGRAPH 2005 Courses},
 year = {2005},
 location = {Los Angeles, California},
 articleno = {3},
 publisher = {ACM},
 address = {New York, NY, USA},
} 


@inproceedings{Cotting2004,
 author = {Cotting, Daniel and Naef, Martin and Gross, Markus and Fuchs, Henry},
 title = {{Embedding Imperceptible Patterns into Projected Images for Simultaneous Acquisition and Display}},
 booktitle = {Proceedings of the 3rd IEEE/ACM International Symposium on Mixed and Augmented Reality (ISMAR)},
 year = {2004},
 pages = {100--109},
 publisher = {IEEE Computer Society},
 address = {Washington, DC, USA},
} 

@inproceedings{Cruz-Neira1993,
  author    = {Carolina Cruz-Neira and
               Daniel J. Sandin and
               Thomas A. DeFanti},
  title     = {{Surround-Screen Projection-Based Virtual Reality: The Design
               and Implementation of the CAVE}},
  booktitle = {Proceedings of the 20th Annual Conference on Computer Graphics and Interactive Techniques (SIGGRAPH)},
  year      = {1993},
  pages     = {135--142},
  publisher = {ACM},
  address = {New York, NY, USA},
}

@inproceedings{Fiala2005,
 author = {Fiala, Mark},
 title = {{ARTag, a Fiducial Marker System Using Digital Techniques}},
 booktitle = {Proceedings of the 2005 IEEE Computer Society Conference on Computer Vision and Pattern Recognition (CVPR)},
 year = {2005},
 pages = {590--596},
 publisher = {IEEE Computer Society},
 volume = {2},
 address = {Washington, DC, USA},
}

@comment{{ not used: }}
@inproceedings{Gausemeier2003,
 author = {Gausemeier, Juergen and Fruend, Juergen and Matysczok, Carsten and Bruederlin, Beat and Beier, David},
 title = {{Development of a Real Time Image Based Object Recognition Method for Mobile AR-Devices}},
 booktitle = {Proceedings of the 2nd international conference on Computer graphics, virtual Reality, visualisation and interaction in Africa},
 series = {AFRIGRAPH '03},
 year = {2003},
 isbn = {1-58113-643-9},
 location = {Cape Town, South Africa},
 pages = {133--139},
 numpages = {7},
 acmid = {602355},
 publisher = {ACM},
 address = {New York, NY, USA},
 keywords = {AR, PDA, augmented reality, mobile devices, object recognition, object tracking, process model},
} 

@comment{{ not used: }}
@inproceedings{Geiger2001,
 author = {Geiger, Christian and 
           Kleinnjohann, Bernd and
           Reimann, Christian and
           Stichling, Dirk},
 title = {{Mobile AR4ALL}},
 booktitle = {Proceedings of the IEEE and ACM International Symposium on Augmented Reality (ISAR'01)},
 year = {2001},
 isbn = {0-7695-1375-1},
 pages = {181--},
 acmid = {881335},
 publisher = {IEEE Computer Society},
 address = {Washington, DC, USA},
} 

@comment{{ not used: }}
@inproceedings{Hua2001,
 author = {Hua, Hong and 
           Gao, Chunyu and
           Brown, Leonard and
           Ahuja, Narendra and
           Rolland, Janick},
 title = {{Using a Head-Mounted Projective Display in Interactive Augmented Environments}},
 booktitle = {Proceedings of the IEEE and ACM International Symposium on Augmented Reality (ISAR'01)},
 year = {2001},
 isbn = {0-7695-1375-1},
 pages = {217--},
 acmid = {881322},
 publisher = {IEEE Computer Society},
 address = {Washington, DC, USA},
} 

@comment{{ not used: }}
@inproceedings{Inami2000,
 author = {Inami, Masahiko and Kawakami, Naoki and Sekiguchi, Dairoku and Yanagida, Yasuyuki and Maeda, Taro and Tachi, Susumu},
 title = {{Visuo-Haptic Display Using Head-Mounted Projector}},
 booktitle = {Proceedings of the IEEE Virtual Reality 2000 Conference},
 series = {VR '00},
 year = {2000},
 isbn = {0-7695-0478-7},
 pages = {233--},
 acmid = {835773},
 publisher = {IEEE Computer Society},
 address = {Washington, DC, USA},
 keywords = {visuo-haptic display, head-mounted projector, augmented reality},
} 

@article{Kalman1960,
 author = {Kalman, Rudolf E.},
 title = {{A New Approach to Linear Filtering and Prediction Problems}},
 journal = {Journal of Basic Engineering},
 volume = {82},
 number = {1},
 pages = {35-45},
 year = {1960},
}

@inproceedings{Kato1999,
 author = {Kato, Hirokazu and Billinghurst, Mark},
 title = {{Marker Tracking and HMD Calibration for a Video-Based Augmented Reality Conferencing System}},
 booktitle = {Proceedings of the 2nd IEEE and ACM International Workshop on Augmented Reality},
 year = {1999},
 pages = {85},
 publisher = {IEEE Computer Society},
 address = {Washington, DC, USA},
} 

@comment{{ not used }}
@inproceedings{Kijima1997,
 author = {Kijima, Ryugo and Ojika, Takeo},
 title = {{Transition Between Virtual Environment and Workstation Environment with Projective Head Mounted Display}},
 booktitle = {Proceedings of the 1997 Virtual Reality Annual International Symposium (VRAIS '97)},
 series = {VRAIS '97},
 year = {1997},
 isbn = {0-8186-7843-7},
 pages = {130--},
 acmid = {836087},
 publisher = {IEEE Computer Society},
 address = {Washington, DC, USA},
}


@article{Kuhn1955,
  author = {Kuhn, Harold W.},
  title = {{The Hungarian Method for the Assignment Problem}},
  journal = {Naval Research Logistics Quarterly},
  year = 1955,
  volume = 2,
  pages = {83--97}
}

@inproceedings{Lee2004,
 author = {Lee, Johnny C. and Dietz, Paul H. and Maynes-Aminzade, Dan and Raskar, Ramesh and Hudson, Scott E.},
 title = {{Automatic Projector Calibration with Embedded Light Sensors}},
 booktitle = {Proceedings of the 17th Annual ACM Symposium on User Interface Software and Technology (UIST)},
 year = {2004},
 location = {Santa Fe, NM, USA},
 pages = {123--126},
 publisher = {ACM},
 address = {New York, NY, USA},
}

@inproceedings{Lee2005,
 author = {Lee, Johnny C. and Hudson, Scott E. and Summet, Jay W. and Dietz, Paul H.},
 title = {{Moveable Interactive Projected Displays Using Projector Based Tracking}},
 booktitle = {Proceedings of the 18th Annual ACM Symposium on User Interface Software and Technology (UIST)},
 year = {2005},
 location = {Seattle, WA, USA},
 pages = {63--72},
 publisher = {ACM},
 address = {New York, NY, USA},
} 

@inproceedings{Lee2007,
 author = {Lee, Johnny C. and Hudson, Scott E. and Dietz, Paul H.},
 title = {{Hybrid Infrared and Visible Light Projection for Location Tracking}},
 booktitle = {Proceedings of the 20th Annual ACM Symposium on User Interface Software and Technology (UIST)},
 year = {2007},
 location = {Newport, Rhode Island, USA},
 pages = {57--60},
 publisher = {ACM},
 address = {New York, NY, USA},
} 

@inproceedings{LeeT2007,
 author = {Lee, Taehee and Hollerer, Tobias},
 title = {{Handy AR: Markerless Inspection of Augmented Reality Objects Using Fingertip Tracking}},
 booktitle = {Proceedings of the 2007 11th IEEE International Symposium on Wearable Computers},
 year = {2007},
 pages = {1--8},
 publisher = {IEEE Computer Society},
 address = {Washington, DC, USA},
} 

@article{Munkres1957,     
     title = {{Algorithms for the Assignment and Transportation Problems}},
     author = {Munkres, James},
     journal = {Journal of the Society for Industrial and Applied Mathematics},
     volume = {5},
     number = {1},
     pages = {32--38},
     year = {1957},
     publisher = {Society for Industrial and Applied Mathematics},
     copyright = {Copyright Â© 1957 Society for Industrial and Applied Mathematics},
    }

@inproceedings{Pasman2003,
 author = {Pasman, Wouter and Woodward, Charles},
 title = {{Implementation of an Augmented Reality System on a PDA}},
 booktitle = {Proceedings of the 2nd IEEE/ACM International Symposium on Mixed and Augmented Reality (ISMAR)},
 year = {2003},
 pages = {276--},
 publisher = {IEEE Computer Society},
 address = {Washington, DC, USA},
} 

@inproceedings{Pinhanez2001,
 author = {Pinhanez, Claudio S.},
 title = {{The Everywhere Displays Projector: A Device to Create Ubiquitous Graphical Interfaces}},
 booktitle = {Proceedings of the 3rd International Conference on Ubiquitous Computing (UbiComp)},
 year = {2001},
 location = {Atlanta, Georgia, USA},
 pages = {315--331},
 publisher = {Springer-Verlag},
 address = {London, UK},
}

@inproceedings{Raskar1998a,
 author = {Raskar, Ramesh and 
           Welch, Greg and 
           Cutts, Matt and 
           Lake, Adam and 
           Stesin, Lev and 
           Fuchs, Henry},
 title = {{The Office of the Future: A Unified Approach to Image-Based Modeling and Spatially Immersive Displays}},
 booktitle = {Proceedings of the 25th Annual Conference on Computer Graphics and Interactive Techniques (SIGGRAPH)},
 year = {1998},
 pages = {179--188},
 publisher = {ACM},
 address = {New York, NY, USA},
} 

@inproceedings{Raskar1998b,
  author    = {Ramesh Raskar and
               Matt Cutts and
               Greg Welch and
               Wolfgang St{\"u}rzlinger},
  title     = {{Efficient Image Generation for Multiprojector and Multisurface
               Displays}},
  booktitle = {Rendering Techniques},
  location  = {Vienna, Austria},
  year      = {1998},
  pages     = {139--144},
  publisher = {Springer},
}

@techreport{Raskar2000,
 author = {Raskar, Ramesh and Low, Kok and Welch, Greg},
 title = {{Shader Lamps: Animating Real Objects with Image-Based Illumination}},
 year = {2000},
 institution = {University of North Carolina at Chapel Hill},
 address = {Chapel Hill, NC, USA},
}


@comment{{ This ref. picked up from Bimber bool, but SPIE site has 1995 listed as year.}}
@inproceedings{Rolland1994,
  author = {Rolland, Jannick P. and Holloway, Richard L. and Fuchs, Henry},
  title = {{A Comparison of Optical and Video See-Through Head-Mounted Displays}},
  booktitle = {Proceedings of SPIE: Telemanipulator and Telepresence Technologies},
  year = {1994},
  pages = {293-307},
  location = {Bellingham, WA},
}

@inproceedings{Scaramuzza2006,
 author = {Scaramuzza, Davide and Martinelli, Agostino and Siegwart, Roland},
 title = {{A Flexible Technique for Accurate Omnidirectional Camera Calibration and Structure from Motion}},
 booktitle = {Proceedings of the Fourth IEEE International Conference on Computer Vision Systems},
 year = {2006},
 pages = {45--},
 publisher = {IEEE Computer Society},
 address = {Washington, DC, USA},
} 

@inproceedings{Sheng2009,
 author = {Sheng, Yu and
           Yapo, Theodore C. and
           Young, Christopher and
           Cutler, Barbara},
 title     = {{Virtual Heliodon: Spatially Augmented Reality for Architectural
              Daylighting Design}},
 booktitle = {IEEE Virtual Reality Conference (VR)},
 year = {2009},
 pages = {63--70},
 publisher = {IEEE Computer Society},
 address = {Washington, DC, USA},
}

@inproceedings{Shotton2011,
 author = {Shotton, Jamie and
           Fitzgibbon, Andrew and
           Cook, Mat and
           Sharp, Toby and
           Finocchio, Mark and
           Moore, Richard and
           Kipman, Alex and
           Blake, Andrew},
 title = {{Real-Time Human Pose Recognition in Parts from Single Depth Images}},
 booktitle = {Proceedings of the 2011 IEEE Computer Society Conference on 
              Computer Vision and Pattern Recognition (CVPR) (to appear)},
 month = {June},
 year = {2011},
 publisher = {IEEE Computer Society},
 address = {Washington, DC, USA},
}
 

@inproceedings{Sutherland1968,
 author = {Sutherland, Ivan E.},
 title = {{A Head-Mounted Three Dimensional Display}},
 booktitle = {Proceedings of the Fall Joint Computer Conference, Part I (AFIPS)},
 month = {December},
 year = {1968},
 location = {San Francisco, California},
 pages = {757--764},
 publisher = {ACM},
 address = {New York, NY, USA},
} 

@inproceedings{Underkoffler1999,
 author = {Underkoffler, John and Ullmer, Brygg and Ishii, Hiroshi},
 title = {{Emancipated Pixels: Real-World Graphics in the Luminous Room}},
 booktitle = {Proceedings of the 26th Annual Conference on Computer Graphics and Interactive Techniques (SIGGRAPH)},
 year = {1999},
 pages = {385--392},
 publisher = {ACM Press/Addison-Wesley Publishing Co.},
 address = {New York, NY, USA},
} 

@inproceedings{Wagner2003,
 author = {Wagner, Daniel and Schmalstieg, Dieter},
 title = {{First Steps Towards Handheld Augmented Reality}},
 booktitle = {Proceedings of the 7th IEEE International Symposium on Wearable Computers (ISWC)},
 year = {2003},
 pages = {127--},
 publisher = {IEEE Computer Society},
 address = {Washington, DC, USA},
} 

@inproceedings{Wang2009,
 author = {Wang, Robert Y. and Popovi\'{c}, Jovan},
 title = {{Real-Time Hand-Tracking with a Color Glove}},
 booktitle = {Proceedings of the 36th Annual Conference on Computer Graphics and Interactive Techniques (SIGGRAPH)},
 year = {2009},
 location = {New Orleans, Louisiana},
 pages = {63:1--63:8},
 articleno = {63},
 publisher = {ACM},
 address = {New York, NY, USA},
} 

@inproceedings{Yapo2010,
 author = {Yapo, Theodore C. and Sheng, Yu and Nasman, 
           Joshua and Dolce, Andrew and Li, Eric and Cutler, Barbara},
 title = {{Dynamic Projection Surfaces for Immersive Visualization}},
 booktitle = {Proceedings of IEEE International Workshop on Projector-Camera Systems (PROCAMS)},
 year = {2010},
 publisher = {IEEE Computer Society},
 address = {Washington, DC, USA},
}

@article{Zhang2000,
 author = {Zhang, Zhengyou},
 title = {{A Flexible New Technique for Camera Calibration}},
 journal = {IEEE Transactions on Pattern Analysis and Machine Intelligence},
 volume = {22},
 number = {11},
 month = {November},
 year = {2000},
 pages = {1330--1334},
 publisher = {IEEE Computer Society},
 address = {Washington, DC, USA},
} 


@comment{{ Game references. }} 

@misc{Monopoly,
 author = {Darrow, Charles},
 title = {Monopoly},
 howpublished = {Parker Brothers / Hasbro},
 year = {1933},
 note = {http://www.hasbro.com/monopoly/en\_US/ (Date Last Accessed: April 19, 2011)},
}
 @comment{{ arguable designers : author = {Darrow, Charles and Magie, Elizabeth.}}}

@misc{Catan,
 title = {{The Settlers of Catan}},
 author = {Teuber, Klaus},
 howpublished = {Mayfair Games},
 year = {1955},
 note = {http://www.catan.com/ (Date Last Accessed: April 19, 2011)},
}

@misc{PuertoRico,
 title = {{Puerto Rico}},
 author = {Seyfarth, Andreas},
 howpublished = {Rio Grande Games},
 year = {2002},
 note = {http://www.riograndegames.com/games.html?id=4 (Date Last Accessed: April 19, 2011)},
}

@misc{MTG,
 title = {{Magic: The Gathering}},
 author = {Garfield, Richard},
 year = {1993},
 howpublished = {Wizards of the Coast},
 note = {http://www.wizards.com/Magic/Multiverse/ (Date Last Accessed: April 19, 2011)},
}

@misc{D&D,
 title = {{Dungeons \& Dragons}},
 author = {Gygax, Gary and Arneson, Dave},
 year = {1974},
 howpublished = {Wizards of the Coast},
 note = {http://www.wizards.com/dnd/ (Date Last Accessed: April 19, 2011)},
}

@misc{Warhammer40k,
 title = {Warhammer 40,000},
 author = {Priestley, Rick and Chambers, Andy},
 howpublished = {Games Workshop},
 year = {1987},
 note = {http://www.games-workshop.com/gws/home.jsp (Date Last Accessed: April 19, 2011)},
}

@misc{MageKnight,
 title = {{Mage Knight}},
 author = {Weisman, Jordan and Barrett, Kevin},
 howpublished = {WizKids, Inc.},
 note = {http://wizkidsgames.com/mageknight/ (Date Last Accessed: April 19, 2011)},
}

@misc{Nintendo3DS,
 author = {{Nintendo}},
 title = {{3DS}},
 month = {February},
 year = {2011},
 note = {http://www.nintendo.com/3ds (Date Last Accessed: April 19, 2011)},
}

@misc{ARhrrrr!,
 title ={{ARhrrrr!}},
 key = {ARhrrrr!},
 author = "{Georgia Institute of Technology Augmented Environments Lab}",
 note = {http://www.augmentedenvironments.org/lab/research/ handheld-ar/arhrrrr/ (Date Last Accessed: April 19, 2011)},
}

@misc{Kinect,
 key = {Kinect},
 title = {{Kinect}},
 howpublished = {Microsoft},
 note = {http://www.xbox.com/en-US/kinect (Date Last Accessed: April 20, 2011)},
 month = {November},
 year = {2010},
}

@misc{MunkresCode,
 title = {{Kuhn-Munkres implementation}},
 author = {Weaver, John},
 year = {2007},
 note = {From GitHub: https://github.com/saebyn/munkres-cpp (Date Last Accessed: February 14, 2011)},
}
 
@misc{Pong,
 title = {Pong},
 author = {Alcorn, Allan},
 howpublished = {Atari, Inc.},
 year = {1972},
}

@misc{SpaceInvaders,
 title = {{Space Invaders}},
 author = {Nishikado, Tomohiro},
 howpublished = {Midway},
 year = {1978},
}
 
 