@inproceedings{Ashdown2004,
 author = {Ashdown, Mark and Flagg, Matthew and Sukthankar, Rahul and Rehg, James M.},
 title = {{A Flexible Projector-Camera System for Multi-Planar Displays}},
 booktitle = {Proc. of the 2004 IEEE Computer Society Conf. on Computer Vision and Pattern Recognition (CVPR)},
 year = {2004},
 locationSKIP = {Washington, D.C., USA},
 pages = {165--172},
 publisherSKIP = {IEEE Computer Society},
} 
@comment{ address = {Washington, DC, USA},}

@article{Azuma1997,
    author = {Ronald T. Azuma},
    title = {{A Survey of Augmented Reality}},
    journal = {Presence: Teleoperators and Virtual Environments},
    volume = {6},
    number = {4},
    month = {August},
    year = {1997},
    pages = {355-385},
}

@comment{ MISSING REFERENCE : Bimber book! }
@book{BimberBook,
 author = {Bimber, Oliver and Raskar, Ramesh},
 title = {{Spatial Augmented Reality: Merging Real and Virtual Worlds}},
 publisher = {A K Peters LTD},
 year = {2005},
}

@inproceedings{Bimber2005,
 author = {Bimber, Oliver and Fr\"{o}hlich, Bernd and Schmalstieg, Dieter and Encarna\c{c}\~{a}o, L. Miguel},
 title = {{The Virtual Showcase}},
 booktitle = {ACM SIGGRAPH 2005 Courses},
 year = {2005},
 locationSKIP = {Los Angeles, California},
 articleno = {3},
 publisherSKIP = {ACM},
 addressSKIP = {New York, NY, USA},
} 


@inproceedings{Cotting2004,
 author = {Cotting, Daniel and Naef, Martin and Gross, Markus and Fuchs, Henry},
 title = {{Embedding Imperceptible Patterns into Projected Images for Simultaneous Acquisition and Display}},
 booktitle = {Proc. of the 3rd IEEE/ACM Int. Sym. on Mixed and Augmented Reality (ISMAR)},
 year = {2004},
 pages = {100--109},
 publisher = {IEEE Computer Society},
} 
@comment{ address = {Washington, DC, USA},}

@inproceedings{Cruz-Neira1993,
  author    = {Carolina Cruz-Neira and
               Daniel J. Sandin and
               Thomas A. DeFanti},
  title     = {{Surround-Screen Projection-Based Virtual Reality: The Design
               and Implementation of the CAVE}},
  booktitleSKIP = {Proc. of the 20th Ann. Conf. on Computer Graphics and Interactive Techniques (SIGGRAPH)},
  booktitle = {Proc. of the 20th Ann. Conf. on Computer Graphics and Interactive Techniques (SIGGRAPH)},
  year      = {1993},
  pages     = {135--142},
  publisherSKIP = {ACM},
}
@comment{  address = {New York, NY, USA},}


@inproceedings{Fiala2005,
 author = {Fiala, Mark},
 title = {{ARTag, a Fiducial Marker System Using Digital Techniques}},
 booktitle = {Proc. of the 2005 IEEE Computer Society Conf. on Computer Vision and Pattern Recognition (CVPR)},
 year = {2005},
 pages = {590--596},
 publisher = {IEEE Computer Society},
 volume = {2},
}
@comment{ address = {Washington, DC, USA},}


@comment{{ not used: }}
@inproceedings{Gausemeier2003,
 author = {Gausemeier, Juergen and Fruend, Juergen and Matysczok, Carsten and Bruederlin, Beat and Beier, David},
 title = {{Development of a Real Time Image Based Object Recognition Method for Mobile AR-Devices}},
 booktitle = {Proc. of the 2nd international conference on Computer graphics, virtual Reality, visualisation and interaction in Africa},
 series = {AFRIGRAPH '03},
 year = {2003},
 isbn = {1-58113-643-9},
 locationSKIP = {Cape Town, South Africa},
 pages = {133--139},
 numpages = {7},
 acmid = {602355},
 publisher = {ACM},
 addressSKIP = {New York, NY, USA},
 keywords = {AR, PDA, augmented reality, mobile devices, object recognition, object tracking, process model},
} 

@comment{{ not used: }}
@inproceedings{Geiger2001,
 author = {Geiger, Christian and 
           Kleinnjohann, Bernd and
           Reimann, Christian and
           Stichling, Dirk},
 title = {{Mobile AR4ALL}},
 booktitle = {Proc. of the IEEE and ACM Int. Sym. on Augmented Reality (ISAR'01)},
 year = {2001},
 isbn = {0-7695-1375-1},
 pages = {181--},
 acmid = {881335},
 publisher = {IEEE Computer Society},
} 
 @comment{address = {Washington, DC, USA},}


@comment{{ not used: }}
@inproceedings{Hua2001,
 author = {Hua, Hong and 
           Gao, Chunyu and
           Brown, Leonard and
           Ahuja, Narendra and
           Rolland, Janick},
 title = {{Using a Head-Mounted Projective Display in Interactive Augmented Environments}},
 booktitle = {Proc. of the IEEE and ACM Int. Sym. on Augmented Reality (ISAR'01)},
 year = {2001},
 isbn = {0-7695-1375-1},
 pages = {217--},
 acmid = {881322},
 publisher = {IEEE Computer Society},
} 
@comment{ address = {Washington, DC, USA},}


@inproceedings{Maimone12,
 author = {Maimone, Fuchs},
 title = {{Reducing Interference Between Multiple Structured Light Depth Sensors Using Motion}},
 series = {IEEE VR '12},
 year = {2012},
 publisherSKIP = {IEEE Computer Society},
} 
@comment{ address = {Washington, DC, USA},}

@inproceedings{Inami2000,
 author = {Inami, Masahiko and Kawakami, Naoki and Sekiguchi, Dairoku and Yanagida, Yasuyuki and Maeda, Taro and Tachi, Susumu},
 title = {{Visuo-Haptic Display Using Head-Mounted Projector}},
 booktitle = {Proc. of the IEEE Virtual Reality 2000 Conf.},
 series = {VR '00},
 year = {2000},
 isbn = {0-7695-0478-7},
 pages = {233--},
 acmid = {835773},
 publisher = {IEEE Computer Society},
 keywords = {visuo-haptic display, head-mounted projector, augmented reality},
} 

@article{Kalman1960,
 author = {Kalman, Rudolf E.},
 title = {{A New Approach to Linear Filtering and Prediction Problems}},
 journal = {Journal of Basic Engineering},
 volume = {82},
 number = {1},
 pages = {35-45},
 year = {1960},
}

@inproceedings{Kato1999,
 author = {Kato, Hirokazu and Billinghurst, Mark},
 title = {{Marker Tracking and HMD Calibration for a Video-Based Augmented Reality Conferencing System}},
 booktitle = {Proc. of the 2nd IEEE and ACM Int. Workshop on Augmented Reality},
 year = {1999},
 pages = {85},
 publisher = {IEEE Computer Society},
} 
@comment{ address = {Washington, DC, USA},}

@comment{{ not used }}
@inproceedings{Kijima1997,
 author = {Kijima, Ryugo and Ojika, Takeo},
 title = {{Transition Between Virtual Environment and Workstation Environment with Projective Head Mounted Display}},
 booktitle = {Proc. of the 1997 Virtual Reality Ann. Int. Sym. (VRAIS '97)},
 series = {VRAIS '97},
 year = {1997},
 isbn = {0-8186-7843-7},
 pages = {130--},
 acmid = {836087},
 publisher = {IEEE Computer Society},
}
@comment{ address = {Washington, DC, USA},}


@article{Kuhn1955,
  author = {Kuhn, Harold W.},
  title = {{The Hungarian Method for the Assignment Problem}},
  journal = {Naval Research Logistics Quarterly},
  year = 1955,
  volume = 2,
  pages = {83--97}
}

@inproceedings{Lee2004,
 author = {Lee, Johnny C. and Dietz, Paul H. and Maynes-Aminzade, Dan and Raskar, Ramesh and Hudson, Scott E.},
 title = {{Automatic Projector Calibration with Embedded Light Sensors}},
 booktitleSKIP = {Proc. of the 17th Ann. ACM Sym. on User Interface Software and Technology (UIST)},
 booktitle = {Proc. of the 17th Ann. ACM Sym. on User Interface Software and Technology},
 year = {2004},
 locationSKIP = {Santa Fe, NM, USA},
 pages = {123--126},
 publisherSKIP = {ACM},
 addressSKIP = {New York, NY, USA},
}

@inproceedings{Lee2005,
 author = {Lee, Johnny C. and Hudson, Scott E. and Summet, Jay W. and Dietz, Paul H.},
 title = {{Moveable Interactive Projected Displays Using Projector Based Tracking}},
 booktitleSKIP = {Proc. of the 18th Ann. ACM Sym. on User Interface Software and Technology (UIST)},
 booktitle = {Proc. of the 18th Ann. ACM Sym. on User Interface Software and Technology},
 year = {2005},
 locationSKIP = {Seattle, WA, USA},
 pages = {63--72},
 publisherSKIP = {ACM},
 addressSKIP = {New York, NY, USA},
} 

@inproceedings{Lee2007,
 author = {Lee, Johnny C. and Hudson, Scott E. and Dietz, Paul H.},
 title = {{Hybrid Infrared and Visible Light Projection for Location Tracking}},
 booktitleSKIP = {Proc. of the 20th Ann. ACM Sym. on User Interface Software and Technology (UIST)},
 booktitle = {Proc. of the 20th Ann. ACM Sym. on User Interface Software and Technology},
 year = {2007},
 locationSKIP = {Newport, Rhode Island, USA},
 pages = {57--60},
 publisherSKIP = {ACM},
 addressSKIP = {New York, NY, USA},
} 

@inproceedings{LeeT2007,
 author = {Lee, Taehee and Hollerer, Tobias},
 title = {{Handy AR: Markerless Inspection of Augmented Reality Objects Using Fingertip Tracking}},
 booktitle = {Proc. of the 2007 11th IEEE Int. Sym. on Wearable Computers},
 year = {2007},
 pages = {1--8},
 publisher = {IEEE Computer Society},
} 
@comment{ address = {Washington, DC, USA},}

@article{Munkres1957,     
     title = {{Algorithms for the Assignment and Transportation Problems}},
     author = {Munkres, James},
     journalSKIP = {Journal of the Society for Industrial and Applied Mathematics},
     journal = {J. Soc. Ind. Appl. Math.},
     volume = {5},
     number = {1},
     pages = {32--38},
     year = {1957},
     publisher = {Society for Industrial and Applied Mathematics},
     copyright = {Copyright Â© 1957 Society for Industrial and Applied Mathematics},
    }

@inproceedings{Pasman2003,
 author = {Pasman, Wouter and Woodward, Charles},
 title = {{Implementation of an Augmented Reality System on a PDA}},
 booktitle = {Proc. of the 2nd IEEE/ACM Int. Sym. on Mixed and Augmented Reality (ISMAR)},
 year = {2003},
 pages = {276--},
 publisher = {IEEE Computer Society},
} 
@comment{ address = {Washington, DC, USA},}

@inproceedings{Pinhanez2001,
 author = {Pinhanez, Claudio S.},
 title = {{The Everywhere Displays Projector: A Device to Create Ubiquitous Graphical Interfaces}},
 booktitle = {Proc. of the 3rd Int. Conf. on Ubiquitous Computing},
 booktitleSKIP = {Proc. of the 3rd Int. Conf. on Ubiquitous Computing (UbiComp)},
 year = {2001},
 locationSKIP = {Atlanta, Georgia, USA},
 pages = {315--331},
 publisher = {Springer-Verlag},
 addressSKIP = {London, UK},
}

@inproceedings{Raskar1998a,
 author = {Raskar, Ramesh and 
           Welch, Greg and 
           Cutts, Matt and 
           Lake, Adam and 
           Stesin, Lev and 
           Fuchs, Henry},
 title = {{The Office of the Future: A Unified Approach to Image-Based Modeling and Spatially Immersive Displays}},
 booktitle = {Proc. of the 25th Ann. Conf. on Computer Graphics and Interactive Techniques (SIGGRAPH)},
 year = {1998},
 pages = {179--188},
 publisher = {ACM},
 addressSKIP = {New York, NY, USA},
} 

@inproceedings{Raskar1998b,
  author    = {Ramesh Raskar and
               Matt Cutts and
               Greg Welch and
               Wolfgang St{\"u}rzlinger},
  title     = {{Efficient Image Generation for Multiprojector and Multisurface
               Displays}},
  booktitle = {Rendering Techniques},
  locationSKIP  = {Vienna, Austria},
  year      = {1998},
  pages     = {139--144},
  publisher = {Springer},
}

@techreport{Raskar2000,
 author = {Raskar, Ramesh and Low, Kok and Welch, Greg},
 title = {{Shader Lamps: Animating Real Objects with Image-Based Illumination}},
 year = {2000},
 institution = {University of North Carolina at Chapel Hill},
 addressSKIP = {Chapel Hill, NC, USA},
}


@comment{{ This ref. picked up from Bimber bool, but SPIE site has 1995 listed as year.}}
@inproceedings{Rolland1994,
  author = {Rolland, Jannick P. and Holloway, Richard L. and Fuchs, Henry},
  title = {{A Comparison of Optical and Video See-Through Head-Mounted Displays}},
  booktitle = {Proc. of SPIE: Telemanipulator and Telepresence Technologies},
  year = {1994},
  pages = {293-307},
  locationSKIP = {Bellingham, WA},
}

@inproceedings{Scaramuzza2006,
 author = {Scaramuzza, Davide and Martinelli, Agostino and Siegwart, Roland},
 title = {{A Flexible Technique for Accurate Omnidirectional Camera Calibration and Structure from Motion}},
 booktitle = {Proc. of the Fourth IEEE Int. Conf. on Computer Vision Systems},
 year = {2006},
 pages = {45--},
 publisher = {IEEE Computer Society},
} 
@comment{ addressSKIP = {Washington, DC, USA},}

@inproceedings{Sheng2009,
 author = {Sheng, Yu and
           Yapo, Theodore C. and
           Young, Christopher and
           Cutler, Barbara},
 title     = {{Virtual Heliodon: Spatially Augmented Reality for Architectural
              Daylighting Design}},
 booktitle = {IEEE Virtual Reality Conf. (VR)},
 year = {2009},
 pages = {63--70},
 publisher = {IEEE Computer Society},
}
@comment{ address = {Washington, DC, USA},}

@inproceedings{Shotton2011,
 author = {Shotton, Jamie and
           Fitzgibbon, Andrew and
           Cook, Mat and
           Sharp, Toby and
           Finocchio, Mark and
           Moore, Richard and
           Kipman, Alex and
           Blake, Andrew},
 title = {{Real-Time Human Pose Recognition in Parts from Single Depth Images}},
 booktitle = {Proc. of the 2011 IEEE Computer Society Conf. on 
              Computer Vision and Pattern Recognition (CVPR) (to appear)},
 month = {June},
 year = {2011},
 publisher = {IEEE Computer Society},
}
@comment{ address = {Washington, DC, USA},}
 

@inproceedings{Sutherland1968,
 author = {Sutherland, Ivan E.},
 title = {{A Head-Mounted Three Dimensional Display}},
 booktitle = {Proc. of the Fall Joint Computer Conf., Part I (AFIPS)},
 month = {December},
 year = {1968},
 locationSKIP = {San Francisco, California},
 pages = {757--764},
 publisher = {ACM},
 addressSKIP = {New York, NY, USA},
} 

@inproceedings{Underkoffler1999,
 author = {Underkoffler, John and Ullmer, Brygg and Ishii, Hiroshi},
 title = {{Emancipated Pixels: Real-World Graphics in the Luminous Room}},
 booktitle = {Proc. of the 26th Ann. Conf. on Computer Graphics and Interactive Techniques (SIGGRAPH)},
 year = {1999},
 pages = {385--392},
 publisher = {ACM},
 addressSKIP = {New York, NY, USA},
} 
@comment{ Press/Addison-Wesley Publishing Co.},

@inproceedings{Wagner2003,
 author = {Wagner, Daniel and Schmalstieg, Dieter},
 title = {{First Steps Towards Handheld Augmented Reality}},
 booktitle = {Proc. of the 7th IEEE Int. Sym. on Wearable Computers (ISWC)},
 year = {2003},
 pages = {127--},
 publisher = {IEEE Computer Society},
} 
@comment{ address = {Washington, DC, USA},}

@inproceedings{Wang2009,
 author = {Wang, Robert Y. and Popovi\'{c}, Jovan},
 title = {{Real-Time Hand-Tracking with a Color Glove}},
 booktitle = {Proc. of the 36th Ann. Conf. on Computer Graphics and Interactive Techniques (SIGGRAPH)},
 year = {2009},
 locationSKIP = {New Orleans, Louisiana},
 pages = {63:1--63:8},
 articleno = {63},
 publisher = {ACM},
 addressSKIP = {New York, NY, USA},
} 

@inproceedings{Yapo2010,
 author = {Yapo, Theodore C. and Sheng, Yu and Nasman, 
           Joshua and Dolce, Andrew and Li, Eric and Cutler, Barbara},
 title = {{Dynamic Projection Surfaces for Immersive Visualization}},
 booktitle = {Proc. of IEEE Int. Workshop on Projector-Camera Systems (PROCAMS)},
 year = {2010},
 publisher = {IEEE Computer Society},
}
@comment{ address = {Washington, DC, USA},}

@article{Zhang2000,
 author = {Zhang, Zhengyou},
 title = {{A Flexible New Technique for Camera Calibration}},
 journal = {IEEE Trans. on Pattern Analysis and Machine Intelligence},
 volume = {22},
 number = {11},
 month = {November},
 year = {2000},
 pages = {1330--1334},
 publisher = {IEEE Computer Society},
} 
@comment{ address = {Washington, DC, USA},}


@comment{{ Game references. }} 

@misc{Monopoly,
 author = {Darrow, Charles},
 title = {Monopoly},
 howpublished = {Parker Brothers / Hasbro},
 year = {1933},
 note = {http://www.hasbro.com/monopoly/en\_US/ (Last Accessed: 4/19/11)},
}
 @comment{{ arguable designers : author = {Darrow, Charles and Magie, Elizabeth.}}}

@misc{Catan,
 title = {{The Settlers of Catan}},
 author = {Klaus Teuber},
 howpublished = {Mayfair Games},
 year = {1955},
 note = {http://www.catan.com/ (Last Accessed: 4/19/11)},
}

@misc{PuertoRico,
 title = {{Puerto Rico}},
 author = {Seyfarth, Andreas},
 howpublished = {Rio Grande Games},
 year = {2002},
 note = {http://www.riograndegames.com/games.html?id=4 (Last Accessed: 4/19/11)},
}

@misc{MTG,
 title = {{Magic: The Gathering}},
 author = {Garfield, Richard},
 year = {1993},
 howpublished = {Wizards of the Coast},
 note = {http://www.wizards.com/Magic/Multiverse/ (Last Accessed: 4/19/11)},
}

@misc{D&D,
 title = {{Dungeons \& Dragons}},
 author = {Gygax, Gary and Arneson, Dave},
 year = {1974},
 howpublished = {Wizards of the Coast},
 note = {http://www.wizards.com/dnd/ (Last Accessed: 4/19/11)},
}

@misc{Warhammer40k,
 title = {Warhammer 40,000},
 author = {Priestley, Rick and Chambers, Andy},
 howpublished = {Games Workshop},
 year = {1987},
 note = {http://www.games-workshop.com/ gws/home.jsp (Last Accessed: 4/19/11)},
}

@misc{MageKnight,
 title = {{Mage Knight}},
 author = {Weisman, Jordan and Barrett, Kevin},
 howpublished = {WizKids, Inc.},
 note = {http://wizkidsgames.com/mageknight/ (Last Accessed: 4/19/11)},
}

@misc{Nintendo3DS,
 author = {{Nintendo}},
 title = {{3DS}},
 year = {2011},
 note = {http://www.nintendo.com/3ds (Last Accessed: 4/19/11)},
}

@misc{ARhrrrr!,
 title ={{ARhrrrr!}},
 key = {ARhrrrr!},
 author = "{Georgia Institute of Technology Augmented Environments Lab}",
 note = {http://www.augmentedenvironments.org/lab/research/ handheld-ar/arhrrrr/ (Last Accessed: 4/19/11)},
}

@misc{Kinect,
 key = {Kinect},
 title = {{Kinect}},
 howpublished = {Microsoft},
 note = {http://www.xbox.com/ en-US/kinect (Last Accessed: 4/20/11)},
 month = {November},
 year = {2010},
}

@misc{MunkresCode,
 title = {{Kuhn-Munkres code}}, 
 author = {Weaver, John},
 year = {2007},
 note = {https://github.com/ saebyn/munkres-cpp (Last Accessed: 2/14/11)},
}
 
@misc{Pong,
 title = {Pong},
 author = {Alcorn, Allan},
 howpublished = {Atari, Inc.},
 year = {1972},
}

@misc{SpaceInvaders,
 title = {{Space Invaders}},
 author = {Nishikado, Tomohiro},
 howpublished = {Midway},
 year = {1978},
}
 
@inproceedings{Leitner:2008:IMR:1501750.1501753,
 author = {Leitner, Jakob and Haller, Michael and Yun, Kyungdahm and Woo, Woontack and Sugimoto, Maki and Inami, Masahiko},
 title = {IncreTable, a mixed reality tabletop game experience},
 booktitle = {Proc. of the 2008 Int. Conference on Advances in Computer Entertainment Technology},
 series = {ACE '08},
 year = {2008},
 isbn = {978-1-60558-393-8},
 locationSKIP = {Yokohama, Japan},
 pages = {9--16},
 numpages = {8},
 url = {http://doi.acm.org/10.1145/1501750.1501753},
 doi = {10.1145/1501750.1501753},
 acmid = {1501753},
 publisher = {ACM},
 addressSKIP = {New York, NY, USA},
 keywords = {interaction design, mixed reality, pervasive games, tabletop gaming, tangible user interfaces},
} 

@inproceedings{MacWilliams:2003:HSL:946248.946803,
 author = {MacWilliams, Asa and Sandor, Christian and Wagner, Martin and Bauer, Martin and Klinker, Gudrun and Bruegge, Bernd},
 title = {Herding Sheep: Live System Development for Distributed Augmented Reality},
 booktitle = {Proc. of the 2nd IEEE/ACM Int. Sym. on Mixed and Augmented Reality},
 series = {ISMAR '03},
 year = {2003},
 isbn = {0-7695-2006-5},
 pages = {123--},
 url = {http://dl.acm.org/citation.cfm?id=946248.946803},
 acmid = {946803},
 publisherSKIP = {IEEE Computer Society},
 addressSKIP = {Washington, DC, USA},
} 

@inproceedings{Suganuma:2008:BIS:1501750.1501752,
 author = {Suganuma, Akira and Ogata, Yusuke and Shimada, Atsushi and Arita, Daisaku and Taniguchi, Rin-ichiro},
 title = {Billiard instruction system for beginners with a projector-camera system},
 booktitle = {Proc. of the 2008 Int. Conference on Advances in Computer Entertainment Technology},
 series = {ACE '08},
 year = {2008},
 isbn = {978-1-60558-393-8},
 locationSKIP = {Yokohama, Japan},
 pages = {3--8},
 numpages = {6},
 url = {http://doi.acm.org/10.1145/1501750.1501752},
 doi = {10.1145/1501750.1501752},
 acmid = {1501752},
 publisher = {ACM},
 addressSKIP = {New York, NY, USA},
 keywords = {billiards, correcting shooting stance, mixed reality, projector-camera system, shot support},
} 

@inproceedings{Fitzmaurice:1995:BLF:223904.223964,
 author = {Fitzmaurice, George W. and Ishii, Hiroshi and Buxton, William A. S.},
 title = {Bricks: laying the foundations for graspable user interfaces},
 booktitle = {Proc. of the SIGCHI conference on Human factors in computing systems},
 series = {CHI '95},
 year = {1995},
 isbn = {0-201-84705-1},
 locationSKIP = {Denver, Colorado, United States},
 pages = {442--449},
 numpages = {8},
 url = {http://dx.doi.org/10.1145/223904.223964},
 doi = {10.1145/223904.223964},
 acmid = {223964},
 publisher = {ACM Press/Addison-Wesley Publishing Co.},
 addressSKIP = {New York, NY, USA},
} 
 
@article{Ishii:2004:BCS:1031314.1031369,
 author = {Ishii, H. and Ratti, C. and Piper, B. and Wang, Y. and Biderman, A. and Ben-Joseph, E.},
 title = {Bringing Clay and Sand into Digital Design â Continuous Tangible user Interfaces},
 journal = {BT Technol J},
 issue_date = {October 2004},
 volume = {22},
 number = {4},
 month = oct,
 year = {2004},
 issn = {1358-3948},
 pages = {287--299},
 numpages = {13},
 url = {http://dx.doi.org/10.1023/B:BTTJ.0000047607.16164.16},
 doi = {10.1023/B:BTTJ.0000047607.16164.16},
 acmid = {1031369},
 publisher = {Kluwer Academic Publishers},
 addressSKIP = {Hingham, MA, USA},
} 

@inproceedings{DBLP:conf/ismar/JonesSCGB10,
  author    = {Brett R. Jones and
               Rajinder Sodhi and
               Roy H. Campbell and
               Guy Garnett and
               Brian P. Bailey},
  title     = {Build your world and play in it: Interacting with surface
               particles on complex objects},
  booktitle = {ISMAR},
  year      = {2010},
  pages     = {165-174},
  ee        = {http://dx.doi.org/10.1109/ISMAR.2010.5643566},
  crossref  = {DBLP:conf/ismar/2010},
  bibsource = {DBLP, http://dblp.uni-trier.de}
}

@proceedings{DBLP:conf/ismar/2010,
  title     = {9th IEEE Int. Sym. on Mixed and Augmented
               Reality, ISMAR 2010, Seoul, Korea, 13-16 October 2010},
  booktitle = {ISMAR},
  publisher = {IEEE},
  year      = {2010},
  bibsource = {DBLP, http://dblp.uni-trier.de}
}

@MISC{Wilson_playtogether:playing,
    author = {Andrew D. Wilson and Daniel C. Robbins},
    title = "{PlayTogether: Playing Games across Multiple Interactive Tabletops IUI'07 Workshop on Tangible Play}",
    year = {}
}

@inproceedings{Rooke:2010:PDT:1709886.1709932,
 author = {Rooke, Mike and Vertegaal, Roel},
 title = {Physics on display: tangible graphics on hexagonal bezel-less screens},
 booktitle = {Proc. of the 4th Int. Conf. on Tangible, Embedded, and Embodied Interaction},
 series = {TEI '10},
 year = {2010},
 isbn = {978-1-60558-841-4},
 locationSKIP = {Cambridge, Massachusetts, USA},
 pages = {233--236},
 numpages = {4},
 url = {http://doi.acm.org/10.1145/1709886.1709932},
 doi = {10.1145/1709886.1709932},
 acmid = {1709932},
 publisher = {ACM},
 addressSKIP = {New York, NY, USA},
 keywords = {augmented reality, organic user interfaces, paper interfaces, tangible user interface},
}

@inproceedings{KOJIMA:2006:ACA:1109723.1110608,
 author = {Kojima, Minoru and Sugimoto, Maki and Nakamura, Akihiro and Tomita, Masahiro and Inami, Masahiko and Nii, Hideaki},
 title = "{Augmented Coliseum: An Augmented Game Environment with Small Vehicles}",
 booktitle = {Proc. of the First IEEE Int. Workshop on Horizontal Interactive Human-Computer Systems},
 series = {TABLETOP '06},
 year = {2006},
 isbn = {0-7695-2494-X},
 pages = {3--8},
 numpages = {6},
 url = {http://dx.doi.org/10.1109/TABLETOP.2006.3},
 doi = {10.1109/TABLETOP.2006.3},
 acmid = {1110608},
 publisher = {IEEE Computer Society},
 addressSKIP = {Washington, DC, USA},
}