@inproceedings{223964,
 author = {Fitzmaurice, George W. and Ishii, Hiroshi and Buxton, William A. S.},
 title = {Bricks: laying the foundations for graspable user interfaces},
 booktitle = {CHI '95: Proceedings of the SIGCHI conference on Human factors in computing systems},
 year = {1995},
 isbn = {0-201-84705-1},
 pages = {442--449},
 location = {Denver, Colorado, United States},
 doi = {http://doi.acm.org/10.1145/223904.223964},
 publisher = {ACM Press/Addison-Wesley Publishing Co.},
 address = {New York, NY, USA},
 }


@inproceedings{1709917,
 author = {Lucchi, Aur\'{e}lien and Jermann, Patrick and Zufferey, Guillaume and Dillenbourg, Pierre},
 title = {An empirical evaluation of touch and tangible interfaces for tabletop displays},
 booktitle = {TEI '10: Proceedings of the fourth international conference on Tangible, embedded, and embodied interaction},
 year = {2010},
 isbn = {978-1-60558-841-4},
 pages = {177--184},
 location = {Cambridge, Massachusetts, USA},
 doi = {http://doi.acm.org/10.1145/1709886.1709917},
 publisher = {ACM},
 address = {New York, NY, USA},
 }

@ARTICLE{159630,
    author = {Pierre Wellner},
    title = {Interacting with Paper on the DigitalDesk},
    journal = {Communications of the ACM},
    year = {1993},
    volume = {36},
    pages = {87--96}
}

@inproceedings{502350,
 author = {Klemmer, Scott R. and Newman, Mark W. and Farrell, Ryan and Bilezikjian, Mark and Landay, James A.},
 title = {The designers' outpost: a tangible interface for collaborative web site},
 booktitle = {UIST '01: Proceedings of the 14th annual ACM symposium on User interface software and technology},
 year = {2001},
 isbn = {1-58113-438-X},
 pages = {1--10},
 location = {Orlando, Florida},
 doi = {http://doi.acm.org/10.1145/502348.502350},
 publisher = {ACM},
 address = {New York, NY, USA},
 }
@inproceedings{1375725,
 author = {Perry, Keith B. and Hourcade, Juan Pablo},
 title = {Evaluating one handed thumb tapping on mobile touchscreen devices},
 booktitle = {GI '08: Proceedings of graphics interface 2008},
 year = {2008},
 isbn = {978-1-56881-423-0},
 pages = {57--64},
 location = {Windsor, Ontario, Canada},
 publisher = {Canadian Information Processing Society},
 address = {Toronto, Ont., Canada, Canada},
 }


@inproceedings{1517704,
 author = {Maekawa, Takuya and Itoh, Yuichi and Kawai, Norifumi and Kitamura, Yoshifumi and Kishino, Fumio},
 title = {MADO interface: a window like a tangible user interface to look into the virtual world},
 booktitle = {TEI '09: Proceedings of the 3rd International Conference on Tangible and Embedded Interaction},
 year = {2009},
 isbn = {978-1-60558-493-5},
 pages = {175--180},
 location = {Cambridge, United Kingdom},
 doi = {http://doi.acm.org/10.1145/1517664.1517704},
 publisher = {ACM},
 address = {New York, NY, USA},
 }
@inproceedings{Blackwell,
 author = {Alan Blackwell},
 title = {Cognitive Dimensions of Tangible Programming Languages},
 booktitle = {Proceedings of the First Joint Conference of EASE and PPIG 2003},
 year = {2003},
 pages = {391--405},
 }
@INPROCEEDINGS{Jacob01atangible,
    author = {Roberk J. K. Jacob and Robert J. K. Jacob and Hiroshi Ishii and Gian Pangaro and James Patten},
    title = {A Tangible Interface for Organizing Information Using a Grid},
    booktitle = {},
    year = {2001},
    pages = {339--346},
    publisher = {ACM Press}
}

@inproceedings{Ishii97tangiblebits:,
 author = {Ishii, Hiroshi and Ullmer, Brygg},
 title = {Tangible bits: towards seamless interfaces between people, bits and atoms},
 booktitle = {Proceedings of the SIGCHI conference on Human factors in computing systems},
 series = {CHI '97},
 year = {1997},
 isbn = {0-89791-802-9},
 location = {Atlanta, Georgia, United States},
 pages = {234--241},
 numpages = {8},
 url = {http://doi.acm.org/10.1145/258549.258715},
 doi = {http://doi.acm.org/10.1145/258549.258715},
 acmid = {258715},
 publisher = {ACM},
 address = {New York, NY, USA},
 keywords = {ambient media, augmented reality, center and periphery, foreground and background, graspable user interface, tangible user interface, ubiquitous computing},
} 
@inproceedings{1518887,
 author = {Jiang, Hao and Viel, Alain and Bajaj, Meekal and Lue, Robert A. and Shen, Chia},
 title = {CThru: exploration in a video-centered information space for educational purposes},
 booktitle = {CHI '09: Proceedings of the 27th international conference on Human factors in computing systems},
 year = {2009},
 isbn = {978-1-60558-246-7},
 pages = {1247--1250},
 location = {Boston, MA, USA},
 doi = {http://doi.acm.org/10.1145/1518701.1518887},
 publisher = {ACM},
 address = {New York, NY, USA},
 }

@inproceedings{1517688,
 author = {Manches, Andrew and O'Malley, Claire and Benford, Steve},
 title = {Physical manipulation: evaluating the potential for tangible designs},
 booktitle = {TEI '09: Proceedings of the 3rd International Conference on Tangible and Embedded Interaction},
 year = {2009},
 isbn = {978-1-60558-493-5},
 pages = {77--84},
 location = {Cambridge, United Kingdom},
 doi = {http://doi.acm.org/10.1145/1517664.1517688},
 publisher = {ACM},
 address = {New York, NY, USA},
 }

@inproceedings{1709908,
 author = {Seitinger, Susanne and Taub, Daniel M. and Taylor, Alex S.},
 title = {Light bodies: exploring interactions with responsive lights},
 booktitle = {TEI '10: Proceedings of the fourth international conference on Tangible, embedded, and embodied interaction},
 year = {2010},
 isbn = {978-1-60558-841-4},
 pages = {113--120},
 location = {Cambridge, Massachusetts, USA},
 doi = {http://doi.acm.org/10.1145/1709886.1709908},
 publisher = {ACM},
 address = {New York, NY, USA},
 }

@inproceedings{1709906,
 author = {Hudson, Scott E. and Harrison, Chris and Harrison, Beverly L. and LaMarca, Anthony},
 title = {Whack gestures: inexact and inattentive interaction with mobile devices},
 booktitle = {TEI '10: Proceedings of the fourth international conference on Tangible, embedded, and embodied interaction},
 year = {2010},
 isbn = {978-1-60558-841-4},
 pages = {109--112},
 location = {Cambridge, Massachusetts, USA},
 doi = {http://doi.acm.org/10.1145/1709886.1709906},
 publisher = {ACM},
 address = {New York, NY, USA},
 }

@inproceedings{1268540,
 author = {Terry, Michael and Cheung, Janet and Lee, Justin and Park, Terry and Williams, Nigel},
 title = {Jump: a system for interactive, tangible queries of paper},
 booktitle = {GI '07: Proceedings of Graphics Interface 2007},
 year = {2007},
 isbn = {978-1-56881-337-0},
 pages = {127--134},
 location = {Montreal, Canada},
 doi = {http://doi.acm.org/10.1145/1268517.1268540},
 publisher = {ACM},
 address = {New York, NY, USA},
 }

@inproceedings{1520342,
 author = {Chi, Pei-Yu and Xiao, Xiao and Chung, Keywon and Chiu, Carnaven},
 title = {Burn your memory away: one-time use video capture and storage device to encourage memory appreciation},
 booktitle = {CHI '09: Proceedings of the 27th international conference extended abstracts on Human factors in computing systems},
 year = {2009},
 isbn = {978-1-60558-247-4},
 pages = {2397--2406},
 location = {Boston, MA, USA},
 doi = {http://doi.acm.org/10.1145/1520340.1520342},
 publisher = {ACM},
 address = {New York, NY, USA},
 }

@inproceedings{1518727,
 author = {Hsiao, Chuan-Heng and Chan, Li-Wei and Hu, Ting-Ting and Chen, Mon-Chu and Hsu, Jane and Hung, Yi-Ping},
 title = {To move or not to move: a comparison between steerable versus fixed focus region paradigms in multi-resolution tabletop display systems},
 booktitle = {CHI '09: Proceedings of the 27th international conference on Human factors in computing systems},
 year = {2009},
 isbn = {978-1-60558-246-7},
 pages = {153--162},
 location = {Boston, MA, USA},
 doi = {http://doi.acm.org/10.1145/1518701.1518727},
 publisher = {ACM},
 address = {New York, NY, USA},
 }

@inproceedings{1518726,
 author = {Song, Hyunyoung and Grossman, Tovi and Fitzmaurice, George and Guimbretiere, Fran\c{c}ois and Khan, Azam and Attar, Ramtin and Kurtenbach, Gordon},
 title = {PenLight: combining a mobile projector and a digital pen for dynamic visual overlay},
 booktitle = {CHI '09: Proceedings of the 27th international conference on Human factors in computing systems},
 year = {2009},
 isbn = {978-1-60558-246-7},
 pages = {143--152},
 location = {Boston, MA, USA},
 doi = {http://doi.acm.org/10.1145/1518701.1518726},
 publisher = {ACM},
 address = {New York, NY, USA},
 }

@inproceedings{1519050,
 author = {Bragdon, Andrew and Zeleznik, Robert and Williamson, Brian and Miller, Timothy and LaViola,Jr., Joseph J.},
 title = {GestureBar: improving the approachability of gesture-based interfaces},
 booktitle = {CHI '09: Proceedings of the 27th international conference on Human factors in computing systems},
 year = {2009},
 isbn = {978-1-60558-246-7},
 pages = {2269--2278},
 location = {Boston, MA, USA},
 doi = {http://doi.acm.org/10.1145/1518701.1519050},
 publisher = {ACM},
 address = {New York, NY, USA},
 }

@inproceedings{1519040,
 author = {Gaver, William and Bowers, John and Kerridge, Tobie and Boucher, Andy and Jarvis, Nadine},
 title = {Anatomy of a failure: how we knew when our design went wrong, and what we learned from it},
 booktitle = {CHI '09: Proceedings of the 27th international conference on Human factors in computing systems},
 year = {2009},
 isbn = {978-1-60558-246-7},
 pages = {2213--2222},
 location = {Boston, MA, USA},
 doi = {http://doi.acm.org/10.1145/1518701.1519040},
 publisher = {ACM},
 address = {New York, NY, USA},
 }


@inproceedings{1518991,
 author = {Morrison, Ann and Oulasvirta, Antti and Peltonen, Peter and Lemmela, Saija and Jacucci, Giulio and Reitmayr, Gerhard and N\"{a}s\"{a}nen, Jaana and Juustila, Antti},
 title = {Like bees around the hive: a comparative study of a mobile augmented reality map},
 booktitle = {CHI '09: Proceedings of the 27th international conference on Human factors in computing systems},
 year = {2009},
 isbn = {978-1-60558-246-7},
 pages = {1889--1898},
 location = {Boston, MA, USA},
 doi = {http://doi.acm.org/10.1145/1518701.1518991},
 publisher = {ACM},
 address = {New York, NY, USA},
 }

@inproceedings{1518855,
 author = {Bi, Xiaojun and Balakrishnan, Ravin},
 title = {Comparing usage of a large high-resolution display to single or dual desktop displays for daily work},
 booktitle = {CHI '09: Proceedings of the 27th international conference on Human factors in computing systems},
 year = {2009},
 isbn = {978-1-60558-246-7},
 pages = {1005--1014},
 location = {Boston, MA, USA},
 doi = {http://doi.acm.org/10.1145/1518701.1518855},
 publisher = {ACM},
 address = {New York, NY, USA},
 }

@INPROCEEDINGS{4811011,
author={Salzmann, H. and Moehring, M. and Froehlich, B.},
journal={Virtual Reality Conference, 2009. VR 2009. IEEE}, title={Virtual vs. Real-World Pointing in Two-User Scenarios},
year={2009},
month={march},
volume={},
number={},
pages={127 -130},
keywords={automotive industry;multi-user projection-based system;projection-based stereoscopic two-user system;real-world pointing;two-user scenarios;virtual world;automobile industry;production engineering computing;stereo image processing;user interfaces;visual perception;},
doi={10.1109/VR.2009.4811011},
ISSN={1087-8270},}

@INPROCEEDINGS{4811007,
author={Klein, E. and Swan, J.E. and Schmidt, G.S. and Livingston, M.A. and Staadt, O.G.},
journal={Virtual Reality Conference, 2009. VR 2009. IEEE}, title={Measurement Protocols for Medium-Field Distance Perception in Large-Screen Immersive Displays},
year={2009},
month={march},
volume={},
number={},
pages={107 -113},
keywords={egocentric depth judgments;large-screen immersive displays;measurement protocols;medium-field distance perception;triangulated blind walking;verbal estimation;virtual environments;helmet mounted displays;user interfaces;virtual reality;},
doi={10.1109/VR.2009.4811007},
ISSN={1087-8270},}

@inproceedings{1549848,
 author = {Livingston, Mark A. and Ai, Zhuming and Swan, J. Edward and Smallman, Harvey S.},
 title = {Indoor vs. Outdoor Depth Perception for Mobile Augmented Reality},
 booktitle = {VR '09: Proceedings of the 2009 IEEE Virtual Reality Conference},
 year = {2009},
 isbn = {978-1-4244-3943-0},
 pages = {55--62},
 doi = {http://dx.doi.org/10.1109/VR.2009.4810999},
 publisher = {IEEE Computer Society},
 address = {Washington, DC, USA},
 }

@INPROCEEDINGS{4810996,
author={Johnson, T. and Welch, G. and Fuchs, H. and La Force, E. and Towles, H.},
journal={Virtual Reality Conference, 2009. VR 2009. IEEE}, title={A Distributed Cooperative Framework for Continuous Multi-Projector Pose Estimation},
year={2009},
month={march},
volume={},
number={},
pages={35 -42},
keywords={continuous geometric calibration;continuous multi-projector pose estimation;distributed cooperative framework;multi-projector displays;calibration;computer graphics;computer vision;image sensors;pose estimation;},
doi={10.1109/VR.2009.4810996},
ISSN={1087-8270},}

@INPROCEEDINGS{4811010,
author={Pirchheim, Christian and Waldner, Manuela and Schmalstieg, Dieter},
journal={Virtual Reality Conference, 2009. VR 2009. IEEE}, title={Deskotheque: Improved Spatial Awareness in Multi-Display Environments},
year={2009},
month={march},
volume={},
number={},
pages={123 -126},
keywords={},
doi={10.1109/VR.2009.4811010},
ISSN={1087-8270},}

@inproceedings{1358681,
 author = {Graham, Jamey and Hull, Jonathan J.},
 title = {Icandy: a tangible user interface for itunes},
 booktitle = {CHI '08: CHI '08 extended abstracts on Human factors in computing systems},
 year = {2008},
 isbn = {978-1-60558-012-X},
 pages = {2343--2348},
 location = {Florence, Italy},
 doi = {http://doi.acm.org/10.1145/1358628.1358681},
 publisher = {ACM},
 address = {New York, NY, USA},
 }

@inproceedings{1358737,
 author = {Torrey, Cristen},
 title = {Social and psychological reactions to receiving help from a robot},
 booktitle = {CHI '08: CHI '08 extended abstracts on Human factors in computing systems},
 year = {2008},
 isbn = {978-1-60558-012-X},
 pages = {2653--2656},
 location = {Florence, Italy},
 doi = {http://doi.acm.org/10.1145/1358628.1358737},
 publisher = {ACM},
 address = {New York, NY, USA},
 }


@inproceedings{1358703,
 author = {Bardzell, Jeffrey and Bardzell, Shaowen},
 title = {Interaction criticism: a proposal and framework for a new discipline of hci},
 booktitle = {CHI '08: CHI '08 extended abstracts on Human factors in computing systems},
 year = {2008},
 isbn = {978-1-60558-012-X},
 pages = {2463--2472},
 location = {Florence, Italy},
 doi = {http://doi.acm.org/10.1145/1358628.1358703},
 publisher = {ACM},
 address = {New York, NY, USA},
 }


@inproceedings{1358645,
 author = {Tsunoda, Fuminori and Yanagisawa, Go and Wakasugi, Koichi and Nagumo, Katsushi and Matsumoto, Takayuki and Nakagawa, Takeshi and Utsunomiya, Mariko},
 title = {Development of information terminal 'it scarecrow' for rural station},
 booktitle = {CHI '08: CHI '08 extended abstracts on Human factors in computing systems},
 year = {2008},
 isbn = {978-1-60558-012-X},
 pages = {2135--2142},
 location = {Florence, Italy},
 doi = {http://doi.acm.org/10.1145/1358628.1358645},
 publisher = {ACM},
 address = {New York, NY, USA},
 }
@inproceedings{642613,
 author = {Yee, Ka-Ping},
 title = {Peephole displays: pen interaction on spatially aware handheld computers},
 booktitle = {CHI '03: Proceedings of the SIGCHI conference on Human factors in computing systems},
 year = {2003},
 isbn = {1-58113-630-7},
 pages = {1--8},
 location = {Ft. Lauderdale, Florida, USA},
 doi = {http://doi.acm.org/10.1145/642611.642613},
 publisher = {ACM},
 address = {New York, NY, USA},
 }

@inproceedings{1709961,
 author = {Wu, Andy},
 title = {Tangible visualization},
 booktitle = {TEI '10: Proceedings of the fourth international conference on Tangible, embedded, and embodied interaction},
 year = {2010},
 isbn = {978-1-60558-841-4},
 pages = {317--318},
 location = {Cambridge, Massachusetts, USA},
 doi = {http://doi.acm.org/10.1145/1709886.1709961},
 publisher = {ACM},
 address = {New York, NY, USA},
 }


@inproceedings{1358653,
 author = {Haughney, Evangeline},
 title = {Using comics to communicate qualitative user research findings},
 booktitle = {CHI '08: CHI '08 extended abstracts on Human factors in computing systems},
 year = {2008},
 isbn = {978-1-60558-012-X},
 pages = {2209--2212},
 location = {Florence, Italy},
 doi = {http://doi.acm.org/10.1145/1358628.1358653},
 publisher = {ACM},
 address = {New York, NY, USA},
 }


@inproceedings{1240868,
 author = {Akers, David L.},
 title = {Observation-based design methods for gestural user interfaces},
 booktitle = {CHI '07: CHI '07 extended abstracts on Human factors in computing systems},
 year = {2007},
 isbn = {978-1-59593-642-4},
 pages = {1625--1628},
 location = {San Jose, CA, USA},
 doi = {http://doi.acm.org/10.1145/1240866.1240868},
 publisher = {ACM},
 address = {New York, NY, USA},
 }

@inproceedings{1375759,
 author = {Karam, Maria and Russo, Frank and Branje, Carmen and Price, Emily and Fels, Deborah I.},
 title = {Towards a model human cochlea: sensory substitution for crossmodal audio-tactile displays},
 booktitle = {GI '08: Proceedings of graphics interface 2008},
 year = {2008},
 isbn = {978-1-56881-423-0},
 pages = {267--274},
 location = {Windsor, Ontario, Canada},
 publisher = {Canadian Information Processing Society},
 address = {Toronto, Ont., Canada, Canada},
 }

@inproceedings{ShengYYC09,
  author    = {Yu Sheng and
               Theodore C. Yapo and
               Christopher Young and
               Barbara Cutler},
  title     = {Virtual Heliodon: Spatially Augmented Reality for Architectural
               Daylighting Design},
  booktitle = {VR},
  year      = {2009},
  pages     = {63-70},
  ee        = {http://dx.doi.org/10.1109/VR.2009.4811000},
  crossref  = {DBLP:conf/vr/2009},
  bibsource = {DBLP, http://dblp.uni-trier.de}
}

@proceedings{DBLP:conf/vr/2009,
  title     = {IEEE Virtual Reality Conference 2009 (VR 2009), 14-18 March
               2009, Lafayette, Louisiana, USA, Proceedings},
  booktitle = {VR},
  publisher = {IEEE},
  year      = {2009},
  bibsource = {DBLP, http://dblp.uni-trier.de}
}

@INPROCEEDINGS{5543463,
author={Yapo, T.C. and Yu Sheng and Nasman, J. and Dolce, A. and Li, E. and Cutler, B.},
journal={Computer Vision and Pattern Recognition Workshops (CVPRW), 2010 IEEE Computer Society Conference on}, title={Dynamic projection environments for immersive visualization},
year={2010},
month={jun.},
volume={},
number={},
pages={1 -8},
keywords={distributed rendering environment;dynamic projection environments;human-scale user interface;immersive visualization;multiple participant interaction;projection surface illumination;data visualisation;rendering (computer graphics);user interfaces;},
doi={10.1109/CVPRW.2010.5543463},
ISSN={},}


@incollection{aag201015,
	author={Barbara  Cutler and Joshua Nasman},
	title={Interpreting Physical Sketches as Architectural Models},
	pages={15-35},
	booktitle={Advances in Architectural Geometry 2010},
	editor={Cristiano Ceccato and others},
	publisher={Springer},
	year={2010},
}

@BOOK{StatsBook, 
author={Wackerly, Dennis and Mendenhall III, William and Scheaffer, Richard},
title={Mathematical Statistics with Applications},
publisher={Duxbury},
year={2002}
}

@inproceedings{Raskar:2001:SLA,
    title = "Shader Lamps: Animating Real Objects With Image-Based Illumination",
    author = "Ramesh Raskar and Greg Welch and Kok-Lim Low and Deepak Bandyopadhyay",
    booktitle = "Rendering Techniques 2001: 12th Eurographics Workshop on Rendering",
    month = jun, 
    year = 2001,
    pages = "89--102",
  }

@book{lechner2001heating,
  title={Heating, cooling, lighting: design methods for architects},
  author={Lechner, N.},
  isbn={9780471241430},
  lccn={00033008},
  url={http://books.google.com/books?id=3UykWkxSTGcC},
  year={2001},
  publisher={Wiley}
}

@inproceedings{Spindler:2009:PAM:1731903.1731920,
 author = {Spindler, Martin and Stellmach, Sophie and Dachselt, Raimund},
 title = {PaperLens: advanced magic lens interaction above the tabletop},
 booktitle = {Proceedings of the ACM International Conference on Interactive Tabletops and Surfaces},
 series = {ITS '09},
 year = {2009},
 isbn = {978-1-60558-733-2},
 location = {Banff, Alberta, Canada},
 pages = {69--76},
 numpages = {8},
 url = {http://doi.acm.org/10.1145/1731903.1731920},
 doi = {http://doi.acm.org/10.1145/1731903.1731920},
 acmid = {1731920},
 publisher = {ACM},
 address = {New York, NY, USA},
 keywords = {interaction techniques, multi-layer interaction, spatially aware displays, tangible interaction, three-dimensional space},
} 

@inproceedings{Song:2011:WEA:1978942.1979140,
 author = {Song, Peng and Goh, Wooi Boon and Fu, Chi-Wing and Meng, Qiang and Heng, Pheng-Ann},
 title = {WYSIWYF: exploring and annotating volume data with a tangible handheld device},
 booktitle = {Proceedings of the 2011 annual conference on Human factors in computing systems},
 series = {CHI '11},
 year = {2011},
 isbn = {978-1-4503-0228-9},
 location = {Vancouver, BC, Canada},
 pages = {1333--1342},
 numpages = {10},
 url = {http://doi.acm.org/10.1145/1978942.1979140},
 doi = {http://doi.acm.org/10.1145/1978942.1979140},
 acmid = {1979140},
 publisher = {ACM},
 address = {New York, NY, USA},
 keywords = {accelerometer, data exploration, handheld devices, multi-touch, user interaction, visual annotation, volume data},
} 


@inproceedings{TsengBB11,
  author    = {Tiffany Tseng and
               Coram Bryant and
               Paulo Blikstein},
  title     = {Mechanix: an interactive display for exploring engineering
               design through a tangible interface},
  booktitle = {Tangible and Embedded Interaction},
  year      = {2011},
  pages     = {265-266},
  ee        = {http://doi.acm.org/10.1145/1935701.1935757},
  bibsource = {DBLP, http://dblp.uni-trier.de}
}
