@inproceedings{Carr:2002:TRE,
  author = "Nathan A. Carr and Jesse D. Hall and John C. Hart",
  title = "The Ray Engine",
  year = "2002",
  month = sep,
  booktitle = "Graphics Hardware 2002",
  pages = "37--46",
}

@inproceedings{74366,
 author = {J. R. Wallace and K. A. Elmquist and E. A. Haines},
 title = {A Ray tracing algorithm for progressive radiosity},
 booktitle = {SIGGRAPH '89: Proceedings of the 16th annual conference on Computer graphics and interactive techniques},
 year = {1989},
 isbn = {0-201-50434-0},
 pages = {315--324},
 doi = {http://doi.acm.org/10.1145/74333.74366},
 publisher = {ACM Press},
 address = {New York, NY, USA},
 }

@inproceedings{378490,
 author = {Gregory J. Ward and Francis M. Rubinstein and Robert D. Clear},
 title = {A ray tracing solution for diffuse interreflection},
 booktitle = {SIGGRAPH '88: Proceedings of the 15th annual conference on Computer graphics and interactive techniques},
 year = {1988},
 isbn = {0-89791-275-6},
 pages = {85--92},
 doi = "{\url+http://doi.acm.org/10.1145/54852.378490+}",
 publisher = {ACM Press},
 address = {New York, NY, USA},
 }

@inproceedings{Wallace:1987:ATS,
  author = "John R. Wallace and Michael F. Cohen and Donald P.
    Greenberg",
  title = "A Two-Pass Solution to the Rendering Equation: A
    Synthesis of Ray Tracing and Radiosity Methods",
  year = "1987",
  month = jul,
  booktitle = "Computer Graphics (Proceedings of SIGGRAPH 87)",
  volume = "21(4)",
  pages = "311--320",
}

@inproceedings{Gautron:2005:RCS,
  author = "Pascal Gautron and Jaroslav Kriv{\'{a}}nek and
    Kadi Bouatouch and Sumanta Pattanaik",
  title = "Radiance Cache Splatting: A GPU-Friendly Global
    Illumination Algorithm",
  year = "2005",
  month = jun,
  booktitle = "Rendering Techniques 2005: 16th Eurographics
    Workshop on Rendering",
  pages = "55--64",
}

@inproceedings{1143110,
 author = {Szecsi Laszlo and Szirmay-Kalos Laszlo and Mateu Sbert},
 title = "{Light animation with precomputed light paths on the GPU}",
 booktitle = {GI '06: Proceedings of the 2006 conference on Graphics interface},
 year = {2006},
 isbn = {1-56881-308-2},
 pages = {187--194},
 location = {Quebec, Canada},
 publisher = {Canadian Information Processing Society},
 address = {Toronto, Ont., Canada, Canada},
}

@inproceedings{Cohen:1988:APR,
  author = "Michael F. Cohen and Shenchang Eric Chen and John
    R. Wallace and Donald P. Greenberg",
  title = "A Progressive Refinement Approach to Fast
    Radiosity Image Generation",
  year = "1988",
  month = aug,
  booktitle = "Computer Graphics (Proceedings of SIGGRAPH 88)",
  volume = "22(4)",
  pages = "75--84",
}

@inproceedings{946934,
 author = {Mangesh Nijasure and Sumanta Pattanaik and Vineet Goel},
 title = {Interactive Global Illumination in Dynamic Environments Using Commodity Graphics Hardware},
 booktitle = {PG '03: Proceedings of the 11th Pacific Conference on Computer Graphics and Applications},
 year = {2003},
 isbn = {0-7695-2028-6},
 pages = {450},
 publisher = {IEEE Computer Society},
 address = {Washington, DC, USA},
}

@inproceedings{Goral:1984:MTI,
  author = "Cindy M. Goral and Kenneth E. Torrance and Donald
    P. Greenberg and Bennett Battaile",
  title = "Modelling the Interaction of Light Between Diffuse
    Surfaces",
  year = "1984",
  month = jul,
  booktitle = "Computer Graphics (Proceedings of SIGGRAPH 84)",
  volume = "18(3)",
  pages = "213--222",
}

@article{Greger:1998:TIV,
  author = "Gene Greger and Peter Shirley and Philip M.
    Hubbard and Donald P. Greenberg",
  title = "The Irradiance Volume",
  year = "1998",
  month = {March-April},
  journal = "IEEE Computer Graphics {\&} Applications",
  volume = "18",
  number = "2",
  pages = "32--43",
}

@inproceedings{Cohen:1985:THA,
  author = "Michael F. Cohen and Donald P. Greenberg",
  title = "The Hemi-Cube: A Radiosity Solution for Complex
    Environments",
  year = "1985",
  month = aug,
  booktitle = "Computer Graphics (Proceedings of SIGGRAPH 85)",
  volume = "19(3)",
  pages = "31--40",
}

@article{Walter:2005:LAS,
  author = "Bruce Walter and Sebastian Fernandez and Adam
    Arbree and Kavita Bala and Michael Donikian and
    Donald P. Greenberg",
  title = "Lightcuts: a scalable approach to illumination",
  year = "2005",
  month = aug,
  journal = "ACM Transactions on Graphics",
  volume = "24",
  number = "3",
  pages = "1098--1107",
}

@article{George:1990:RRF,
  author = "David W. George and Fran{\c{c}}ois X. Sillion and
    Donald P. Greenberg",
  title = "Radiosity Redistribution for Dynamic Environments",
  year = "1990",
  month = jul,
  journal = "IEEE Computer Graphics {\&} Applications",
  volume = "10",
  number = "4",
  pages = "26--34",
}

@inproceedings{1006078,
 author = {Greg Coombe and Mark J. Harris and Anselmo Lastra},
 title = {Radiosity on graphics hardware},
 booktitle = {GI '04: Proceedings of the 2004 conference on Graphics interface},
 year = {2004},
 isbn = {1-56881-227-2},
 pages = {161--168},
 location = {London, Ontario, Canada},
 publisher = {Canadian Human-Computer Communications Society},
 address = {School of Computer Science, University of Waterloo, Waterloo, Ontario, Canada},
}

@book{107217,
 author = {Alan Watt and Mark Watt},
 title = {Advanced animation and rendering techniques},
 year = {1991},
 isbn = {0-201-54412-1},
 publisher = {ACM Press},
 address = {New York, NY, USA},
}

@book{83821,
 author = {James D. Foley and Andries van Dam and Steven K. Feiner and John F. Hughes},
 title = {Computer graphics: principles and practice (2nd ed.)},
 year = {1990},
 isbn = {0-201-12110-7},
 publisher = {Addison-Wesley Longman Publishing Co., Inc.},
 address = {Boston, MA, USA},
}

@book{553838,
 author = {Tomas Akenine-Moller and Tomas Moller and Eric Haines},
 title = {Real-Time Rendering},
 year = {2002},
 isbn = {1568811829},
 publisher = {A. K. Peters, Ltd.},
 address = {Natick, MA, USA},
 }

@article{617600,
 author = {Andrew Woo and Pierre Poulin and Alain Fournier},
 title = {A Survey of Shadow Algorithms},
 journal = {IEEE Comput. Graph. Appl.},
 volume = {10},
 number = {6},
 year = {1990},
 issn = {0272-1716},
 pages = {13--32},
 doi = "{\url+http://dx.doi.org/10.1109/38.62693+}",
 publisher = {IEEE Computer Society Press},
 address = {Los Alamitos, CA, USA},
}

@inproceedings{Crow:1977:SAF,
  author = "Franklin C. Crow",
  title = "Shadow Algorithms for Computer Graphics",
  year = "1977",
  month = jul,
  booktitle = "Computer Graphics (Proceedings of SIGGRAPH 77)",
  volume = "11(2)",
  pages = "242--248",
}

@article{Heidmann91,
  author={Tim Heidmann},
  title={Real Shadows, Real Time},
  journal={Iris Universe},
  note={Silicon Graphics, Inc.},
  volume={18},
  year={1991},
  pages={28-31},
  keywords={soft shadow, SGI Reality Engine, stencil buffer, shadow volume},
  annote={includes C, GL code},
}

@techreport{mcguire03shadows,
  author = "Morgan McGuire and John F. Hughes and Kevin Egan and Mark Kilgard and Cass Everitt",
  title = "Fast, Practical and Robust Shadows",
  institution = {NVIDIA Corporation},
  month = {Nov},
  address = "Austin, TX",
  day = {23},
  year = {2003},
  note = "{\url+http://developer.nvidia.com/object/fast\_shadow\_volumes.html+}",
}


@book{Ander,
 title = "Daylighting Performance and Design",
 author = "Ander, G. D.",
 location = "New York",
 publisher ="John Wiley {\&} Sons Inc.", 
 month = may,
 year = 2003,
}

@inproceedings{GlaserWhitneyCutler,
 title = "Using Video for Analyzing Daylighting Simulation Tools",
 author = "Dan C. Glaser and F. Whitney Smith and Barbara Cutler",
 booktitle = "SimBuild 2006: Building Sustainability and Performance through Simulation",
 month = aug,
 year = 2006,
}

@article{Reinhart,
 author = "Reinhart C F and Fitz A.",
 year = 2006,
 title = "Findings from a survey on the current use of daylight simulations during Building Design",
 journal = "Energy and Buildings",
 vol = "38(7)",
 pages = "824--835"
}

@article{Heschong,
 title = "Daylighting and Human Performance",
 author = "Lisa Heschong",
 journal = "ASHRAE",
 month = jun,
 year = 2002,
}

@inproceedings{Ward:1994:TRL,
  author = "Gregory J. Ward",
  title = "The RADIANCE Lighting Simulation and Rendering
    System",
  year = "1994",
  month = jul,
  booktitle = "Proceedings of SIGGRAPH 94",
  series = "Computer Graphics Proceedings, Annual Conference Series",
  pages = "459--472",
}

@misc{sketchup,
 note = "{\small {\url+http://www.sketchup.com+}}",
 author = "{Google}",
 year = 2008,
 title = "{SketchUp: 3D modeling software}"
}

@misc{rhino,
 note = "{\url+http://www.rhino3d.com/+}",
 author = "{McNeel North America}",
 year = 2008,
 title = "{Rhinoceros: NURBS modeling for Windows}"
}


@misc{revit,
 note = "{\url+http://usa.autodesk.com/adsk/servlet/index?id=3781831&siteID=123112+}",
 author = "{Autodesk}",
 year = 2008,
 title = "{Revit Architecture}"
}


@misc{leica,
 note = "{\url+http://www.leica-geosystems.com/hds/en/lgs_5570.htm+}",
 author = "{Leica Geosystems}",
 year = 2008,
 title = "{High-Definition Surveying (HDS) Systems}"
}


@article{glaser02,
 author = "Daniel C. Glaser and M. Susan Ubbelohde",
 title = "Techniques for managing planar daylight data",
 journal = "Building and Environment",
 volume = 64,
 year = 2002,
 pages = "825--831",
}

@misc{ecotect,
 author = "{Square One Research}",
 title = "{ECOTECT}",
 year = "2000-2008",
 note = "{\url+http://ecotect.com+}"
}

@misc{squ1,
 author = "{Square One Research}",
 title = "{Sky Illuminance}",
 year = "1997-2008",
 note = "{\url+http://squ1.org/wiki/Sky_Illuminance+}",
}

@misc{ward,
 author = "Greg Ward",
 title = "Radiance: Synthetic Imaging System",
 note = "{\url+http://radsite.lbl.gov/radiance/HOME.html+}",
 year = "1985-1997",
}

@inproceedings{Chen:1990:IRA,
  author = "Shenchang Eric Chen",
  title = "Incremental Radiosity: An Extension of Progressive
    Radiosity to an Interactive Image Synthesis System",
  year = "1990",
  month = aug,
  booktitle = "Computer Graphics (Proceedings of SIGGRAPH 90)",
  volume = "24(4)",
  pages = "135--144",
}

@inproceedings{Keller:1997:IR,
  author = "Alexander Keller",
  title = "Instant Radiosity",
  year = "1997",
  month = aug,
  booktitle = "Proceedings of SIGGRAPH 97",
  series = "Computer Graphics Proceedings, Annual Conference Series",
  pages = "49--56",
}

@article{Larson:1999:THR,
  author = "Gregory Ward Larson and Maryann Simmons",
  title = "The Holodeck Ray Cache: An Interactive Rendering
    System for Global Illumination in Non-Diffuse
    Environments",
  year = "1999",
  month = oct,
  journal = "ACM Transactions on Graphics",
  volume = "18",
  number = "4",
  pages = "361--368",
}

@book{siry,
 author = "Joseph M. Siry",
 title = "Carson Pirie Scott: Louis Sullivan and the Chicago Department Store",
 year = "1956",
 publisher = "The University of Chicago Press",
}



@article{lehar07,
 title = "Rapid Algorithm for Modeling Daylight Distributions in Office Buildings",
 author =  "M.A. Lehar and L.R. Glicksman",
 year = 2007,
 journal = "Building and Enviromnent",
 volume = 42,
 pages = "2908--2919",
}  

@article{lehar03,
 author = "M.A. Lehar and L.R. Glicksman",
 title = "A Simulation Tool for Predicting the Energy Implications of Advanced Facades",
 year = 2003,
 booktitle = "Research In Building Physics",
 editor = "J. Carmeliet, H. Hens, and G.Vermeir",
 pages = "513--518"
}

@misc{CIE,
 author = "{CIE International Commision on Illumination}",
 title = "{Spatial Distribution of Daylight - Luminance Distributions of Various Reference Skies}",
 year = 1994,
 note = "Technical Report CIE 110 - 1994",
}


@inproceedings{Sweitzer,
  author = "Sweitzer, G.",
  title = "Prismatic Panel Sidelighting Systems: Daylighting
Distribution and Electric Lighting User Patterns in Perimeter Office
Workplaces",
  year = "1991",
  booktitle = "Right Light Bright Light",
}

@article{Laar,
 title = "German developments in guidance systems: an overview",
 author = "Laar M. and Grimme F.W.",
 journal = "Building Research and Information", 
 volume = 30, 
 number = 4,
 month = jul,
 year = 2002,
 pages = "282--301",
 publisher = "Routledge",
}

@inproceedings{Marks:1997:DGA,
 title = "Design Galleries: A General Approach to Setting Parameters for Computer Graphics
    and Animation",
 author = "J. Marks and B. Andalman and P. A. Beardsley and W. Freeman and S. Gibson and
    Jessica K. Hodgins and T. Kang and B. Mirtich and H. Pfister and W. Ruml and K.
    Ryall and J. Seims and S. Shieber",
 booktitle = "Proceedings of SIGGRAPH 97",
 series = "Computer Graphics Proceedings, Annual Conference Series", 
 month = aug, 
 year = 1997,
 pages = "389--400",
}


@article{DDM03,
	author = {Cyrille Damez and Kirill Dmitriev and Karol Myszkowski},
	month = mar,
	year = 2003,
	title = {State of the Art in Global Illumination for Interactive Applications and High-Quality
	         Animations},
	journal = {Computer Graphics Forum},
	volume = 22,
	number = 1,
	pages = {55--77},
}


@inproceedings{HGS,
 title =" Human-guided simple search: combining information visualization and heuristic search",
 year = 1999,
 booktitle = "Workshop on New Paradigms in Information Visualization and Manipulation",
 pages = "21--25",
 author = "David Anderson and Emily Anderson and Neal Lesh and Joe
  Marks and Ken Perlin and David Ratajczak and Kathy Ryall"
}




@article{Webb06,
  author =       {A.R. Webb},
  title =        {{Considerations for lighting in the built environment: Non-visual effects of light}},
  journal =      {Energy and Buildings},
  year =         {2006},
  volume =       {38},
  number =       {7},
  pages =        {721-727},
  month =        {},
  note =         {},
  key =          {},
  annote =       {},
}

@book{Koester04,
  author =       {H. K\"oster},
  title =        {Dynamic Daylighting Architecture - Basics, Systems, Projects},
  publisher =    {Birkh\"auser},
  year =         {2004},
  volume =       {},
  series =       {},
  address =      {},
  edition =      {},
  month =        {},
  note =         {},
  key =          {},
  annote =       {},
}


@inproceedings{Osser07,
  author =       {R. Osser and M. Andersen and L. Norford},
  title =        {{Development of Two Heliodon Systems and Recommendations for their Use}},
  booktitle =    {Proceedings of SOLAR 2007: Sustainable Energy Puts America to Work},
  year =         {2007},
  pages =        {},
  publisher =    {},
  address =      {Cleveland, July 7-12}
}

@book{Lechner01,
  author =       {N. Lechner},
  title =        {Heating, Cooling, Lighting},
 publisher ="John Wiley {\&} Sons Inc.",
  year =         {2001},
  volume =       {},
  series =       {},
  address =      {},
  edition =      {},
  month =        {},
  note =         {},
  key =          {Daylighting},
  annote =       {},
}


@MISC{Sullivan98,
  author =       {R. Sullivan and L. Beltran and E.S. Lee and M. Rubin and S.E. Selkowitz},
  title =        {{Energy and Daylight Performance of Angular Selective Glazings}},
  howpublished = {Lawrence Berkeley National Laboratory, Supported by the U.S. Department of Energy},
  month =        {},
  year =         {1998},
  note =         {},
  key =          {},
  annote =       {},
}

@article{Jenkins07,
  author =       {D. Jenkins and M. Newborough},
  title =        {An approach for estimating the carbon emissions associated with office lighting with a daylight contribution},
  journal =      {Applied Energy},
  year =         {2007},
  volume =       {84},
  number =       {},
  pages =        {608-622},
  month =        {},
  note =         {},
  key =          {},
  annote =       {},
}



@article{Bodart06,
  author =       {M. Bodart and A. Deneyer and A. {De Herde} and P. Wouters},
  title =        {Design of a single-patch sky and sun simulator},
  journal =      {Lighting Research and Technology},
  year =         {2006},
  volume =       {38},
  number =       {1},
  pages =        {73-89},
  month =        {},
  note =         {},
  key =          {},
  annote =       {},
}




@article{Michel95,
  author =       {L. Michel and C. Roecker and J.-L. Scartezzini},
  title =        {Performance of a new sky scanning simulator},
  journal =      {Lighting Research and Technology},
  year =         {1995},
  volume =       {27},
  number =       {4},
  pages =        {197-207},
  month =        {},
  note =         {},
  key =          {Daylighting},
  annote =       {},
}

@article{CIE03,
  author =       {{CIE Commission Internationale de l'Eclairage}},
  title =        {Spatial distribution of daylight-CIE standard general sky},
  journal =      {CIE},
  year =         {2001},
  volume =       {S 011/E.},
  number =       {},
  pages =        {},
  month =        {},
  note =         {},
  key =          {Daylighting},
  annote =       {},
}

@article{Andersen06,
  author =       {M. Andersen and J. de Boer},
  title =        {Goniophotometry and assessment of bidirectional photometric properties of complex fenestration systems},
  journal =      {Energy and Buildings},
  year =         {2006},
  volume =       {38},
  number =       {7},
  pages =        {836-848},
  month =        {July},
  note =         {},
  key =          {Goniophotometer},
  annote =       {},
}

@inproceedings{Paule03,
  author =       {B. Paule and N. Baker and S. Lawton and M. McEvoy and R. Yao and J. {de Boer} and H. Erhorn and S. Woesner and E. {de Groot} and L. Zooneveldt and J.-L. Scartezzini},
  title =        {DIAL-Europe European daylighting design tool},
  booktitle =    {Proceedings International Conference on Sustainable Development in Building and Environment},
  year =         {2003},
  pages =        {},
  publisher =    {},
  address =      {}
}

@inproceedings{Reinhart07,
  author =       {C.F. Reinhart and D. Bourgeois and F. Dubrous and A. Laouadi and P. Lopez and O. Stelescu},
  title =        {Daylight 1-2-3 - A state-of-the-art daylighting/energy analysis software for initial design investigations},
  booktitle =    {Submitted to Building Simulation 2007},
  year =         {2007},
  pages =        {},
  publisher =    {},
  address =      {}
}

@article{Andersen05c,
  author =       {M. Andersen and C. Roecker and J.-L. Scartezzini},
  title =        {Design of a time-efficient video-goniophotometer combining bidirectional functions assessment in transmission and reflection},
  journal =      {Solar Energy Materials and Solar Cells},
  year =         {2005},
  volume =       {88},
  number =       {1},
  pages =        {97-118},
  month =        {June},
  note =         {},
  key =          {Goniophotometer, CCD},
  annote =       {},
}

@article{Geebelen05,
  author =       {B. Geebelen and M. van der Voorden and H. Neukermans},
  title =        {Fast and accurate simulation of long-term daylight availability using the radiosity method},
  journal =      {Lighting Research and Technology},
  year =         {2005},
  volume =       {37},
  number =       {4},
  pages =        {295-312},
  month =        {},
  note =         {},
  key =          {Simulation},
  annote =       {},
}






@article{Raskar:2004:RLI,
    title = "RFIG lamps: interacting with a self-describing world via photosensing wireless
        tags and projectors",
    author = "Ramesh Raskar and Paul Beardsley and Jeroen van Baar and Yao Wang and Paul Dietz
        and Johnny Lee and Darren Leigh and Thomas Willwacher",
    journal = "ACM Transactions on Graphics",
    volume = 23,
    number = 3,
    month = aug, 
    year = 2004,
    pages = "406--415",
}

@article{Raskar:2003:IGA,
    title = "iLamps: Geometrically Aware and Self-Configuring Projectors",
    author = "Ramesh Raskar and Jeroen van Baar and Paul Beardsley and Thomas Willwacher and
        Srinivas Rao and Cliff Forlines",
    journal = "ACM Transactions on Graphics",
    volume = 22,
    number = 3,
    month = jul, 
    year = 2003,
    pages = "809--818",
}


@inproceedings{vanBaar:2003:SMD,
    title = "Seamless Multi-Projector Display on Curved Screens",
    author = "Jeroen van Baar and Thomas Willwacher and Srinivas Rao and Ramesh Raskar",
    booktitle = "IPT / EGVE 2003: Seventh Immersive Projection Technology Workshop and Ninth
        Eurographics Workshop on Virtual Environments",
    month = may, 
    year = 2003,
    pages = "281--286",
}



  @inproceedings{Raskar:2001:SLA,
    title = "Shader Lamps: Animating Real Objects With Image-Based Illumination",
    author = "Ramesh Raskar and Greg Welch and Kok-Lim Low and Deepak Bandyopadhyay",
    booktitle = "Rendering Techniques 2001: 12th Eurographics Workshop on Rendering",
    month = jun, 
    year = 2001,
    pages = "89--102",
  }

  @inproceedings{Raskar:2001:ASP,
    title = "A Self-Correcting Projector",
    author = "Ramesh Raskar and Paul Beardsley",
    booktitle = "2001 Conference on Computer Vision and Pattern Recognition (CVPR 2001)",
    month = dec, 
    year = 2001,
    pages = "504--508",
  }


@inproceedings{Raskar:2001:IWS,
    title = "Interacting with spatially augmented reality",
    author = "Ramesh Raskar and Kok-Lim Low",
    booktitle = "AFRIGRAPH 2001",
    month = nov, 
    year = 2001,
    pages = "101--108",
  }

  @inproceedings{Cutler:2004:SAI,
    title = "Simplification and Improvement of Tetrahedral Models for Simulation",
    author = "Barbara Cutler and Julie Dorsey and Leonard McMillan",
    booktitle = "Eurographics / ACM SIGGRAPH Symposium on Geometry Processing",
    month = jul, 
    year = 2004,
    pages = "93--102",
  }




@article{Cutler:2002:APA,
    title = "A Procedural Approach to Authoring Solid Models",
    author = "Barbara Cutler and Julie Dorsey and Leonard McMillan and Matthias M{\"{u}}ller
        and Robert Jagnow",
    journal = "ACM Transactions on Graphics",
    volume = 21,
    number = 3,
    month = jul, 
    year = 2002,
    pages = "302--311",
  }




@inproceedings{cutler07,
 author = "B. Cutler and E. Whiting",
 title = "Constrained Planar Remeshing for Architecture",
 booktitle = "Graphics Interface",
 month = "May",
 year = "2007",
}

@article{Dachsbacher:2007:IVA,
    title = "Implicit Visibility and Antiradiance for Interactive Global Illumination",
    author = "Carsten Dachsbacher and Marc Stamminger and George Drettakis and Fr{\'{e}}do
        Durand",
    journal = "ACM Transactions on Graphics",
    volume = 26,
    number = 3,
    month = jul, 
    year = 2007,
    pages = "61:1--61:10",
  }

@book{farmax,
 title = "FARMAX: Excursions on Density",
 publisher = "010 Publishers",
 author = "{MVRDV}",
 year = "1998",
}
% editor = "Winy Maas and Jacob van Riji and Richard Koek",




@inproceedings{Hanrahan:1991:ARH,
    title = "A Rapid Hierarchical Radiosity Algorithm",
    author = "Pat Hanrahan and David Salzman and Larry Aupperle",
    booktitle = "Computer Graphics (Proceedings of SIGGRAPH 91)",
    month = jul, 
    year = 1991,
    pages = "197--206",
  }


@article{Cohen:1986:AER,
 title = "An Efficient Radiosity Approach for Realistic Image Synthesis",
 author = "M. F. Cohen and D. P. Greenberg and D. S. Immel and P. J. Brock",
 journal = "IEEE Computer Graphics and Applications",
 volume = 6,
 number = 3,
 month = "March",
 year = "1986",
 pages = "26--35",
}



@article{CSMGA08,
 title="Interactive Selection of Optimal Fenestration Materials for Schematic Architectural Daylighting Design",
 author="Barbara Cutler and  Yu Sheng and Steve Martin and Daniel Glaser and Marilyne Andersen",
 journal="Automation in Construction",
 publisher = "Elsevier",
 volume="17",
 number="7",
 pages = "809--823",
 month = "September",
 year="2008"
}

@misc{SunDagger,
 title = "{The Solstice Project}",
 author = "Anna Sofaer",
 url = "{\url+http://www.solsticeproject.org/+}",
 year = "1978-2008",
}


@article{Starwood,
 title = "Starwood Hotels Explore Second Life First",
 author = "Reena Jana",
 journal = "{BusinessWeek}",
 year = "2006",
 month = "August 23,",
 date = "23",
 note = "",
}

@misc{secondlife,
 title = "{Second Life}",
 author = "Linden Lab",
 note = "{\url+http://secondlife.com/+}",
 year = "2007",
}

@misc{IBM_ship,
 title = "{CATIA-CADAM Solutions Continues Improving With New Release 2.0}",
 author = "{IBM Press Release}",
 url = "{\url+http://www-03.ibm.com/press/us/en/pressrelease/2564.wss+}",
 year = "1998"
}

@article{luminousworkbench,
 title = "Urban Simulation and the Luminous Planning Table: Bridging the Gap between the Digital and the Tangible",
 author = "Eran Ben-Joseph and Hiroshi Ishii and John Underkoffler and Ben Piper and Luke Yeung",
 journal = "Journal of Planning Education and Research",
 year = "2001",
 vol = 21,
 pages = "195--202",
}

@inproceedings{emancipated_pixels,
 title = "Emancipated Pixels: Real-World Graphics In The Luminous Room",
 author = "John Underkoffler and Brygg Ullmer and Hiroshi Ishii",
 booktitle = "ACM SIGGRAPH",
 year = "1999",
 month = "August",
}

@book{reid,
 author = "Esmond Reid",
 title = "{Understanding Buildings: A Multidisciplinary Approach}",
 publisher = "The MIT Press",
 year = "1984",
}


@article{nashville,
 author = "Elizabeth Donoff",
 title = "Schermerhorn Symphony Center",
 journal = "Architectural Lighting Magazine",
 year = "2007",
 month = "March",
 note = "{\small {\url+http://www.archlighting.com/industry-news.asp?articleID=460542&sectionID=1331+}}"
}

@article{LAWSON,
 title = "{CAD and creativity: does the computer really help?}",
 author = "B. Lawson",
 year = "2002",
 journal = "Leonardo", 
 volume = "35",
 pages = "327--331",
}

@article{DORST,
  author = "Kees Dorst and Nigel Cross",
  year = "2001",
  title = "Creativity in the design process: co-evolution of problem-solution",
  journal = "Design Studies",
  volume = "22",
  number = "5",
  pages = "425--437",
}


@article{SASS,
  title = "Materializing design: the implications of rapid prototyping in digital design",
  author = "Larry Sass and Rivka Oxman",
  journal = "Design Studies",
  volume = "27",
  number = "3",
  month = "May",
  year = "2006",
  pages = "325--355",
}



@article{CAVE,
 author = "C. Cruz-Neira and D.J. Sandin and T.A. DeFanti and R.V. Kenyon and J.C. Hart",
 title = "The CAVE: Audio Visual Experience Automatic Virtual Environment",
 journal = "Communications of the ACM",
 volume = "35",
 number = "6",
 month = "June",
 year = "1992",
 pages = "65--72"
}


@misc{vray,
 author = "{Chaos Software}",
 year = "2008",
 title = "V-Ray",
 note = "\url{http://www.chaosgroup.com/en/2/index.html}"
}


@Inproceedings{Funk,
  author =       {T. Funkhouser and P. Min and I. Carlbom},
  title =        {Real-time Acoustic Modeling for Distributed Virtual Environments},
   booktitle =  "Computer Graphics (SIGGRAPH '99)",
   year =   "1999",
   pages =   "365--374",
}

@Inproceedings{Fussel,
  author =       {S. Fussel and R. Kraut and J. Siegel},
  title =        {Coordination of Communicational Effects of Shared Visual Context on Collaborative Work},
  booktitle =    {Proc. ACM Computer Supported Collaborative Work 2000},
  month =        {},
  year =         {2000},
  pages =        {21--30}
}


@Inproceedings{Cuddihy,
  author =       {E. Cuddihy and D. Walters},
  title =        {Embodied Interaction in Social Virtual Environments},
  booktitle =    {Proc. ACM Collaborative Virtual Environments 2000},
  month =        {},
  year =         {2000},
  pages =        {181--188}
}

@Inproceedings{Daily,
  author =       {M. Daily and M. Howard and J. Jerald and C. Lee and K. Martin and D. McInnes and P. Tinker},
  title =        {Distributed Design Review in Virtual Environments},
  booktitle =    {Proc. ACM Collaborative Virtual Environments 2000},
  month =        {},
  year =         {2000},
  pages =        {57--63}
}

@Inproceedings{Jung,
  author =       {B. Jung and J. Hwang and S. Lee and G. Kim and H. Ki},
  title =        {Incorporating co-presence in distributed virtual music environment},
  booktitle =    {Proc. ACM Virtual reality Software and Technology 2000},
  month =        {},
  year =         {2000},
  pages =        {206--211}
}

@book{Turkle,
 author = {S. Turkle},
 title = {Life on the Screen : Identity in the Age of the {I}nternet},
 publisher = {Simon \& Schuster},
 year = {1995}
}


@Inproceedings{Staadt,
  author =       {O. Staadt and M. Gross and A. Kunz and M. Meier},
  title =        {The {B}lue-{C}: Integrating Real Humans into a Networked Immersive Environment},
  booktitle =    {Proc. ACM Collaborative Virtual Environments 2000},
  month =        {},
  year =         {2000},
  pages =        {201--202}
}

@phdthesis{Storms,
  author =       {R. Storms},
  title =        {Auditory-Visual Cross-Modal Perception Phenomena},
  school =      {Naval Postgraduate School},
  year =         {1998},
}

@Inproceedings{Yamazaki,
  author =       {Y. Yamazaki and J. Herder},
  title =        {Exploring spatial audio conferencing functionality in multiuser virtual environments},
  booktitle =    {Proc. ACM Collaborative Virtual Environments 2000},
  month =        {},
  year =         {2000},
  pages =        {207--208}
}

@book{Laurel,
 author = {B. Laurel},
 title = {Computers as Theatre},
 publisher = {Addison-Wesley},
 year = {1991}
}


@Inproceedings{Slater,
  author =       {M. Slater and J. Howell and A. Steed and D.-P. Pertaub and M. Garau},
  title =        {Acting in virtual reality},
  booktitle =    {Proc. ACM Collaborative Virtual Environments 2000},
  month =        {},
  year =         {2000},
  pages =        {103--110}
}

@inproceedings{Pingali,
    author = "G. Pingali and G. Tunali and I. Carlbom",
    title = "Audio-visual tracking for natural interactivity",
    booktitle = "Proc. ACM Multimedia '99",
    pages = "373--382",
    month = "October",
    year = "1999"
}

@Inproceedings{Buscher,
  author =       {M. B{\"u}scher and M. Christensen and K. Gr{\o}nb{\ae}k and P. Krogh and
P. Mogensen and D. Shapiro and P. {\O}rb{\ae}k},
  title =        {Collaborative Augmented Reality Environments: Integrating {V}{R}, Working Materials, and Distributed Work Spaces},
  booktitle =    {Proc. ACM Collaborative Virtual Environments 2000},
  month =        {},
  year =         {2000},
  pages =        {47--56}
}


@article{akylbc08,
 title = "An Intuitive Daylighting Performance Analysis and Optimization Approach",
 journal = "Building Research \& Information",
 author = "Marilyne Andersen and Sian Kleindienst and Lu Yi and Jaime Lee and Magali Bodart and Barbara Cutler",
 volume = 36,
 number = 6,
 month = "November",
 year = 2008,
}


@misc{bimber_raskar_2007,
title = "Modern approaches to augmented reality",
author = "Oliver Bimber and Ramesh Raskar",
year = 2007,
note = "ACM SIGGRAPH 2007 Course Notes"
}


@book{bimber_raskar_2005,
title = "Spatial Augmented Reality: Merging Real and Virtual Worlds",
author = "Oliver Bimber and Ramesh Raskar",
year = "2005", 
publisher = "A K Peters, Ltd.",
location = "Wellesley, Massachusetts",
}

@inproceedings{Cruz-Neira:1993:SPV,
    title = "Surround-screen Projection-based Virtual Reality: The Design and Implementation
        of the CAVE",
    author = "Carolina Cruz-Neira and Daniel J. Sandin and Thomas A. DeFanti",
    booktitle = "Proceedings of SIGGRAPH 93",
    series = "Computer Graphics Proceedings, Annual Conference Series", 
    month = aug, 
    year = 1993,
    pages = "135--142",
}



@inproceedings{Ashdown:2004:AFP,
    title = "A Flexible Projector-Camera System for Multi-Planar Displays",
    author = "Mark Ashdown and Matthew Flagg and Rahul Sukthankar and James M. Rehg",
    booktitle = "2004 Conference on Computer Vision and Pattern Recognition (CVPR 2004)",
    month = jun, 
    year = 2004,
    pages = "165--172",
}

  @inproceedings{Raskar:1998:TOO,
    title = "The Office of the Future: A Unified Approach to Image-Based Modeling and
        Spatially Immersive Displays",
    author = "Ramesh Raskar and Greg Welch and Matt Cutts and Adam Lake and Lev Stesin and
        Henry Fuchs",
    booktitle = "Proceedings of SIGGRAPH 98",
    series = "Computer Graphics Proceedings, Annual Conference Series", 
    month = jul, 
    year = 1998,
    pages = "179--188",
  }

@inproceedings{Sukthankar:2001:DSE,
    title = "Dynamic Shadow Elimination for Multi-Projector Displays",
    author = "Rahul Sukthankar and Tat-Jen Cham and Gita Sukthankar",
    booktitle = "2001 Conference on Computer Vision and Pattern Recognition (CVPR 2001)",
    month = dec, 
    year = 2001,
    pages = "151--157",
}



@inproceedings{Cham:2003:SEA,
    title = "Shadow Elimination and Occluder Light Suppression for Multi-Projector Displays",
    author = "Tat-Jen Cham and James M. Rehg and Rahul Sukthankar and Gita Sukthankar",
    booktitle = "2003 Conference on Computer Vision and Pattern Recognition (CVPR 2003)",
    month = jun, 
    year = 2003,
    pages = "513--520",
}


  @article{Summet:2007:SEA,
    title = "Shadow Elimination and Blinding Light Suppression for Interactive Projected
        Displays",
    author = "J. Summet and M. Flagg and T.-J. Cham and J. M. Rehg and R. Sukthankar",
    journal = "IEEE Transactions on Visualization and Computer Graphics",
    volume = 13,
    number = 3,
    month = may # "\slash " # jun, 
    year = 2007,
    pages = "508--517",
  }

@inproceedings{Sukthankar_smarter_presentations,
 title = "Smarter presentations: Exploiting homography in camera-projector systems",
 year = "2001",
 author = "Rahul Sukthankar and Robert G. Stockton and Matthew D. Mullin",
 booktitle = "Proceedings of International Conference on Computer Vision" 
}

@article{Gross:2003:BAS,
    title = "blue-c: A Spatially Immersive Display and 3D Video Portal for Telepresence",
    author = "Markus Gross and Stephan W{\"{u}}rmlin and Martin Naef and Edouard Lamboray and
        Christian Spagno and Andreas Kunz and Esther Koller-Meier and Thomas Svoboda and
        Luc Van Gool and Silke Lang and Kai Strehlke and Andrew Van de Moere and Oliver
        Staadt",
    journal = "ACM Transactions on Graphics",
    volume = 22,
    number = 3,
    month = jul, 
    year = 2003,
    pages = "819--827",
  }


@inproceedings{embedded_light_sensors,
 title = "Automatic Projector Calibration with Embedded Light Sensors",
 year = "2004",
 author = "Johnny C. Lee and Paul H. Dietz and Dan Maynes-aminzade and Scott E. Hudson",
 booktitle = "ACM Symposium on User Interface Software and Technology (UIST)",
}

@article{Pangaro:2003:TAW,
    title = "The Actuated Workbench: Computer-Controlled Actuation in Tabletop Tangible
        Interfaces",
    author = "Gian Pangaro and Dan Maynes-Aminzade and Hiroshi Ishii",
    journal = "ACM Transactions on Graphics",
    volume = 22,
    number = 3,
    month = jul, 
    year = 2003,
    pages = "699--699",
  }

@inproceedings{hilario,
 author = "Maria Nadia Hilario, Jeremy R. Cooperstock",
 year = "2004",
 title = "Occlusion Detection for Front-Projected Interactive Displays",
 booktitle = "Advances in Pervasive Computing",
 publisher = "Austrian Computer Society (OCG)",
 location = "Vienna",
 month = "April",
}

@inproceedings{Yin:2004:CCM,
    title = "Color Correction Methods with Application to Digital Projection Environments",
    author = "Jianfeng Yin and Jeremy R. Cooperstock",
    booktitle = "Twelfth International Conference in Central Europe on Computer Graphics,
        Visualization and Computer Vision (Winter School on Computer Graphics)",
    month = feb, 
    year = 2004,
    pages = "499--506",
}

@article{interaction_handheld_projector,
 title = "Interaction Using a Handheld Projector",
 journal = "IEEE Computer Graphics and Applications",
 volume = "25",
 number = "1",
 month = "January",
 year = "2005",
 pages = "39--43",
 author = "Paul Beardsley and Jeroen Van Baar and Ramesh Raskar and Clifton Forlines",
}

@inproceedings{shadow_removal_object_tracking,
 title = "Shadow Removal in Front Projection Environments Using Object Tracking",
 author = "Samuel Audet and Jeremy R. Cooperstock",
 booktitle = "IEEE Conference on Computer Vision and Pattern Recognition",
 year = "2007",
 month = "June",
 pages = "1--8",
}

@inproceedings{han06,
 author = "Sang Heon Han and Jung Hoon Kim and Tae Soo Yun and Dong Hoon Lee",
 title = "Extensible Interface Using Projector-Based Augmentation",
 booktitle = "International Conference on Computer Graphics \& Virtual Reality (CGVR)",
 year = "2006",
 pages = "132--137",
}

@article{grundhofer,
 author = "Anselm Grundhofer and Oliver Bimber",
 title = "Real-Time Adaptive Radiometric Compensation",
 journal = "IEEE Transactions Visualization and Computer Graphics",
 volume = "14",
 number = "1",
 pages = "97--108",
 year = "2008",
 month = "January-February",
}

@inproceedings{cartoon_diorama,
 author = "Ramesh Raskar and Remo Ziegler and Thomas Willwacher",
 title = "Cartoon Dioramas in Motion: Apparent Motion Effects on Real Objects with Image-Based Illumination",
 booktitle = "International Symposium on Nonphotorealistic Animation and Rendering (NPAR)",
 month = "June",
 year = "2002",
 location = "Annecy, France"
}


@inproceedings{table_top_SAR,
 booktitle = "Second IEEE and ACM International Workshop on Augmented Reality (IWAR)",
 year = "1999",
 title = "Table-Top Spatially-Augmented Reality: Bringing Physical Models to Life with Projected Imagery",
 author = "Ramesh Raskar and Greg Welch and Wei-Chao Chen",
}

@inproceedings{illuminating_clay,
 booktitle = "ACM Computer Human Interaction (CHI)",
 year = "2002",
 month = "April",
 title = "Illuminating Clay: A 3-D Tangible Interface for Landscape Analysis",
 author = "Ben Piper and Carlo Ratti and Hiroshi Ishii",
}


@inproceedings{auto_projector_camera,
 booktitle = "IEEE International Conference on Computer Vision (ICCV)",
 volume = "2",
 title = "Autocalibration of a Projector-Screen-Camera System: Theory and Algorithm for Screen-to-Camera Homography Estimation",
 author = "Takayuki Okatani and Koichiro Deguchi",
 year = "2003"
}

@inproceedings{everywhere_displays,
 title = "The Everywhere Displays Projector: A Device to Create Ubiquitous Graphical Interfaces",
 author = "Claudio Pinhanez",
 booktitle = "Ubiquitous Computing (Ubicomp)",
 year = "2001",
 location = "Atlanta, Georgia",
 month = "September",
}

@inproceedings{Dorsey:1991:DAS,
    title = "Design and Simulation of Opera Lighting and Projection Effects",
    author = "Julie O'B. Dorsey and Fran{\c{c}}ois X. Sillion and Donald P. Greenberg",
    booktitle = "Computer Graphics (Proceedings of SIGGRAPH 91)",
    month = jul, 
    year = 1991,
    pages = "41--50",
}


@article{Cossairt:2008:LFT,
 title = "Light-Field Transfer: Global Illumination Between Real and Synthetic Objects",
 author = "Oliver Cossairt and Shree Nayar and Ravi Ramamoorthi",
    journal = "ACM Transactions on Graphics",
    volume = 27,
    number = 3,
    month = jul, 
    year = 2008,
  }

@inproceedings{gibson_murta,
 title = "Interactive Rendering with Real-World Illumination",
 author = "Simon Gibson and Alan Murta",
 booktitle = "Eurographics Workshop on Rendering (Rendering Techniques)",
 location = "Brno, Czech Republic", 
 month = "June",
 year = "2000",
}

@inproceedings{CAVE_GI_CAR,
 title = "A CAVE System for Interactive Modeling of Global Illumination in Car Interior",
 author = "Kirill Dmitriev and Thomas Annen and Grzegorz Krawczyk and Karol Myszkowski and Hans\ADPeter Seidel",
 booktitle = "ACM Symposium on Virtual Reality Software and Technology",
 location = "Hong Kong",
 pages = "137--145",
 year = "2004",
}

@inproceedings{Drettakis:1997:ICI,
    title = "Interactive Common Illumination for Computer Augmented Reality",
    author = "George Drettakis and Luc Robert and Sylvain Bougnoux",
    booktitle = "Eurographics Rendering Workshop 1997",
    month = jun, 
    year = 1997,
    pages = "45--56",
}


@inproceedings{fournier_CI_1993,
 author = "Alain Fournier and Atjeng S. Gunawan and Chris Romanzin",
 title = "Common illumination between real and computer generated scenes",
 booktitle = "Graphics Interface",
 year = "1993", 
 pages = "254--263",
}


@article{Setareh_virtual_structure,
 author = "M. Setareh and D. Bowman and A. Kalita",
 title = "Development of a Virtual Reality Structural Analysis System",
 journal = "Architectural Engineering",
 volume = 11,
 number = 4,
 year = 2005,
 pages = "156--164",
}

@inproceedings{Dunston,
 title = "An Immersive Virtual Reality Mock-Up For Design Review Of Hospital Patient Rooms",
 author = "Phillip Dunston and James McGlothlin and Laura Arns",
 booktitle = "Conference on Construction Applications of Virtual Reality",
 year = "2007"
}

@inproceedings{Beliveau,
 title = "Application of 3D Modeling Software for Daylighting Simulation of Shading Devices",
 author = "Yvan Beliveau and Svetlana Olbina",
 booktitle = "Conference on Construction Applications of Virtual Reality",
 year = "2007"
}


@inproceedings{mackie,
 author = "C. Mackie and J. Cowden and D. Bowman and W. Thabet",
 title = "Desktop and Immersive Tools for Residential Home Design", 
 booktitle = "Conference on Construction Applications of Virtual Reality",
 year = "2004",
}


@article{setareh_2,
 author = "M. Setareh and D. Bowman",
 title = "Application of Virtual Environments for the Study of Building Structures Subjected to Earthquake Excitations",
 journal = "International Journal of Design Computing",
 volume = "5",
 year = "2002",
}


@inproceedings{cowden,
 author = "J. Cowden and D. Bowman and W. Thabet",
 title = "Home Design in an Immersive Virtual Environment",
 booktitle = "Conference on Construction Applications of Virtual Reality",
 year = "2003",
}


@misc{EMPAC,
 author = "{Rensselaer Polytechnic Institute}",
 title = "{Experimental Media and Performing Arts Center (EMPAC)}",
 year = "2008",
 note = "{\url+http://www.empac.rpi.edu/+}"
}

  @article{Sloan:2002:PRT,
    title = "Precomputed Radiance Transfer for Real-Time Rendering in Dynamic, Low-Frequency
        Lighting Environments",
    author = "Peter-Pike Sloan and Jan Kautz and John Snyder",
    journal = "ACM Transactions on Graphics",
    volume = 21,
    number = 3,
    month = jul, 
    year = 2002,
    pages = "527--536",
  }

@misc{RadianceBTDF,
 author = "Greg Ward",
 title = "Utilizing {BTDF} Window Data",
 year = 2007,
 note = "{\em 6th International Radiance and HDR Scientific Workshop}", 
} 

@inproceedings{durand02,
 author = {Fr\'{e}do Durand and Julie Dorsey},
 title = {Fast bilateral filtering for the display of high-dynamic-range images},
 booktitle = {SIGGRAPH '02: Proceedings of the 29th annual conference on Computer graphics and interactive techniques},
 year = {2002},
 isbn = {1-58113-521-1},
 pages = {257--266},
 location = {San Antonio, Texas},
 doi = {http://doi.acm.org/10.1145/566570.566574},
 publisher = {ACM},
 address = {New York, NY, USA},
 }

@inproceedings{Drago:2003,
  author = "F. Drago and K. Myszkowski and T. Annen and N. Chiba",
  title = "Adaptive logarithmic mapping for displaying high contrast scenes",
  year = "2003",
  booktitle = "Proceedings of Eurographics 2003",
  series = "Computer Graphics Forum",
  pages = "419--426"
}

@article{Ward:1997,
 title = "A visibility matching tone reproduction operator for high dynamic range scenes",
 author = "G. Ward Larson and H. Rushmeier and C. Piatko",
 journal = "IEEE Transactions on Visualization and Computer Graphics", 
 volume = 3, 
 number = 4,
 year = 1997,
 pages = "291--306"
}

@misc{brightest_projector,
 title = "{XGA Multimedia Projector PLC-XF47}",
 author = "Sanyo",
 year = "2007",
 note = "{\small {\url+http://www.sanyo-lcdp.com/english/product/xf47/xf47.html+}}"
}

@misc{gaisma,
 author = "Matti Tukiainen",
 title = "Gaisma",
 year = "2008",
 note = "{\url+http://www.gaisma.com/+}"
}





@misc{AEC06,
  author = "{Architectural Energy Corporation}",
  title = "SPOT v. 3.1 - Sensor Placement + Optimization Tool, User's manual",
  month = "December",
  year = "2006",
}


@article{Aka06,
  author = "Y. Akashi and P. R. Boyce",
  title = "A field study of illuminance reduction",
  journal = "Energy and Buildings",
  volume = "38",
  year = "2006",
  pages = "588--599",
}


@misc{Alt01,
  author = "Kurt Altmann and Peter Apian-Bennewitz",
  title = "Report on an Investigation of the Application and Limits of Currently Available Programme Types for Photorealistic Rendering of Light and Lighting in Architecture - The {Kimbell Art Museum} as a Case Study for {Lightscape, Radiance and 3D-Studio MAX}",
  month = "April 7",
  year = "2001",
}

@article{Ana05,
  author = "Smita Anaokar and Martin Moeck",
  title = "Validation Of High Dynamic Range Imaging To Luminance Measurement",
  journal = "LEUKOS",
  volume = "2",
  number = "2",
  month = "October",
  year = "2005",
  pages = "133--144",
}

@article{And01,
  author = "M. Andersen and L. Michel and C. Roecker and J.-L. Scartezzini",
  title = "Experimental assessment of bi-directional transmission distribution functions using digital imaging techniques",
  journal = "Energy and Buildings",
  volume = "33",
  number = "5",
  pages = "417--431",
  publisher = "Elsevier Science B.V.",
  month = "May 2001",
}

@article{And02,
  author = "M. Andersen",
  title = "Light distribution through advanced fenestration systems",
  journal = "Building Research and Information",
  volume = "30",
  number = "4",
  pages = "264-281",
  month = "July",
  year = "2002",
}

@article{And03b,
  author = "M. Andersen, M. Rubin, J.-L. Scartezzini",
  title = "Comparison between ray-tracing simulations and bi-directional transmission measurements on prismatic glazing",
  journal = "Solar Energy",
  volume = "74",
  number = "2",
  pages = "157-173",
  publisher = "Elsevier Science",
  month = "February 2003",
}

@phdthesis{And04,
 author = "M. Andersen",
 title = "Innovative bi-directional video-goniophotometer for advanced fenestration systems",
 school = "Swiss Federal Institute of Technology (EPFL)",
 year = "2004",
}


@article{And04b,
  author = "M. Andersen",
  title = "Generalization of the direct sky component calculation to openings of arbitrary tilt angle",
  journal = " LEUKOS - The Journal of the Illuminating Engineering Society of North America",
  volume = "1",
  number = "2",
  pages = "39-55",
  month = "October",
  year = "2004",
}

@article{And05,
  author = "M. Andersen, J.-L. Scartezzini",
  title = "Inclusion of the specular component in the assessment of bidirectional distribution functions based on digital imaging",
  journal = "Solar Energy (special issue CISBAT 2003)",
  volume = "79",
  number = "2",
  pages = "159-167",
  year = "2005",
}

@article{And05b,
  author = "M. Andersen",
  title = "Matrix-based analysis of digital images: application to goniophotometric measurements with variable referential",
  journal = "Optics and Lasers in Engineering (special issue Optics in Switzerland)",
  volume = "43",
  number = "3-5",
  pages = "419-435",
  month = "March-May",
  year = "2005",
}

@inproceedings{And05c,
  author = "M. Andersen and D. Ljubicic and C. Browne and S. Kleindienst and M. Culpepper",
  title = "An automated device to assess light redirecting properties of materials and perform sun course simulations: the Heliodome project",
  booktitle = "the ISES 2005 Solar World Congress",
  month = "August 6-12",
  year = "2005",
}

@inproceedings{And05d,
  author = "M. Andersen and D. Ljubicic and C. Browne and S. Kleindienst and M. Culpepper",
  title = "Combining time-efficient goniophotometry with scale model studies in a unique instrument",
  booktitle = "Lux Europa 2005",
  pages = "271-274",
  location = "Berlin",
  month = "September 19-21",
  year = "2005",
}

@article{And05e,
  author = "M. Andersen, C. Roecker, J.-L. Scartezzini",
  title = "Design of a time-efficient video-goniophotometer combining bidirectional functions assessment in transmission and reflection",
  journal = "Solar Energy Materials and Solar Cells",
  volume = "88",
  number = "1",
  pages = "97-118",
  month = "June 2005",
}

@article{And05f,
  author = "M. Andersen, M. Rubin, R. Powles, J.-L. Scartezzini",
  title = "Bi-directional transmission properties of venetian blinds: experimental assessment compared to ray-tracing calculations",
  journal = "Solar Energy",
  volume = "78",
  number = "2",
  pages = "187-198",
  year = "2005",
}

@article{And06,
  author = "M. Andersen, J. de Boer",
  title = "Goniophotometry and assessment of bidirectional photometric properties of complex fenestration systems",
  journal = "Energy and Buildings",
  volume = "38",
  number = "7",
  pages = "836-848",
  month = "July",
  year = "2006",
}

@article{And06b,
  author = "M. Andersen",
  title = "Validation of the performance of a new bidirectional video-goniophotometer",
  journal = "Lighting Research and Technology",
  volume = "38",
  number = "4",
  pages = "295-313",
  month = "December",
  year = "2006",
}


@inproceedings{And07,
  author = "M. Andersen and N. Gayeski and E. Stokes and R. Osser and C. Browne",
  title = "The Heliodome project: an innovative approach in assessing solar-optical properties of light-redirecting materials in combination with sun course simulations",
  booktitle = "CISBAT 2007",
  location = "Lausanne",
  month = "September 4-5",
  year = "2007",
}


@misc{Api07,
  author = "P. Apian-Bennewitz",
  title = "pab Goniophotometer II",
  note = "{\url+http://www.pab-opto.de/gonio-photometer/+}",
}

@article{Ara03,
  author = "D. Arasteh and J. Apte and Y.J. Huang",
  title = "Future Advanced Windows for Zero-Energy Homes",
  journal = "ASHRAE Transactions",
  volume = "109",
  number = "2",
  year = "2003",
}

@inproceedings{Ash04,
  author = "Ian Ashdown",
  title = "Modeling of Daylight for Interior Environments",
  booktitle = "IESANZ",
  location = "Broadbeach, Australia",
  year = "2004",
}

@article{Ash05,
  author = "Ian Ashdown",
  title = "Sensitivity Analysis of Glare Rating Metrics",
  journal = "LEUKOS",
  volume = "2",
  number = "2",
  month = "October",
  year = "2005",
  pages = "115-122",
}

@article{Boe06,
  author = "Jan de Boer",
  title = "Modelling indoor illumination by complex fenestration systems based on bidirectional photometric data",
  journal = "Energy and Buildings",
  volume = "38",
  year = "2006",
  pages = "849--868",
}


@article{Bou06,
  author = "Denis Bourgeois and Christoph Reinhart and Iain Macdonald",
  title = "Adding advanced behavioural models in whole building energy simulation: A study on the total energy impact of manual and automated lighting control",
  journal = "Energy and Buildings",
 volume = "38",
 year = "2006",
 pages = "814--823",
}


@article{Bou07,
  author = "D. Bourgeois and C. F. Reinhart and G. Ward",
  title = "A Standard Daylight Coefficient Model for Dynamic Daylighting Simulations",
  journal = "Building Research and Information",
  month = "February",
  year = "2007",
}


@article{Boy03b,
  author = "PR Boyce and Y Akashi and CM Hunter and JD Bullough",
  title = "The impact of spectral power distribution on the performance of an achromatic visual task ",
  journal = "Lighting Res. Technol.",
  volume = "35",
  number = "2",
  year = "2003",
  pages = "141-161",
}

@misc{Boy03,
  author = "P.R. Boyce and C. Hunter and O. Howlett",
  title = "The Benefits of Daylight",
  publisher = "Lighting Research Center, Rensselaer Polytechnic Institute",
  location = "Troy, NY",
  note = "Sponsored by Capturing the Daylight Dividend Program",
  month = "September",
  year = "2003",
}

@article{Boy04,
  author = "P.R. Boyce",
  title = "Lighting research for interiors: the beginning of the end or the end of the beginning",
  journal  = "Lighting Res. Technol.",
  volume = "36",
  number = "4",
  year = "2004",
  pages = "283--294",
}

@article{Bra01,
  author = "Brainard and G.C. and Hanifin and J.P. and Greeson and J.M. and Byrne and B. and Glickman and G. and Gerner and E. Rollag",
  title = "M. Action Spectrum for Melatonin Regulation in Humans: Evidence for a Novel Circadian Photoreceptor",
  journal = "The Journal of Neuroscience",
  volume = "21",
  number = "16",
  pages = "6405--6412",
  year = "2001",
}

@article{BRE8,
  author = "Building Research Establishment",
  title = "Estimating daylight in buildings: Part 2",
  journal = "BRE Digest",
  volume = "309",
  year = "1986",
}

@article{Bre01,
  author = "Breitenbach and J and Lart and S and Langle and I and Rosenfeld",
  title = "J: Optical and thermal performance of glazing with integral venetian blinds",
  journal = "Energy and Buildings",
  volume = "33",
  pages = "433-442",
  year = "2001",
}

@mastersthesis{Bro06,
  author = "C. Browne",
  title = "Illumination and detection system for light-redirecting materials investigation and scale model simulations",
  department = "Mechanical Engineering",
  school = "Massachusetts Institute of Technology",
  month = "June",
  year = "2006",
}

@article{Bun02,
  author = "Sebastien Bund and Ellen Yi-Luen Do",
  title = "Spot! Fetch Light Interactive navigable 3D visualization of direct sunlight",
  journal = "Automation in Construction",
  volume = "14",
  year = "2005",
  pages = "181-188",
}

@article{Cal04,
  author = "B. Calcagni and M. Paroncini",
  title = "Daylight factor prediction in atria building designs",
  journal = "Solar Energy",
  volume = "76",
  year = "2004",
  pages = "669--682",
}

@article{Cal02,
  author = "Luisa Gama Caldas and Leslie K. Norford",
  title = "A design optimization tool based on a genetic algorithm",
  journal = "Automation in Construction",
  volume = "11",
  year = "2002",
  pages = "173--184",
}

@article{Can97,
  author = "S.W.A. Cannon-Brooks",
  title = "Simple scale models for daylighting design: analysis of sources of error in illuminance predicting",
  journal = "Lighting Res. Technol.",
  year = "1997",
  volume = "29",
  pages = "135--142",
}

@book{Car04,
  author = "John Carmody and Stephen Selkowitz and Eleanor S. Lee and Dariush Arasteh and Todd Willmert",
  title = "Window systems for high-performance buildings",
  publisher = "Norton \& Company",
  year = "2004",
}


@article{Cho05,
  author = "An-Seop Choia and Kyoo-Dong Songb and Yong-Shik Kim",
  title = "The characteristics of photosensors and electronic dimming ballasts in daylight responsive dimming systems",
  journal = "Building and Environment",
  volume = "40",
  year = "2005",
  pages = "39-50",
}

@phdthesis{Chu01,
  author = "Acharawan Chutarat",
  title = "Experience of Light: The Use of an Inverse Method and a Genetic Algorithm in Daylighting Design",
  department = "Architecture, Building Technology",
  school = " Massachusetts Institute of Technology",
  month = "September",
  year = "2001",
}

@misc{CIE70,
  author = "{Commission Internationale de l'Eclairage (CIE)}",
  title = "{Daylight, CIE16, (E-3.2)}",
  location = "Paris",
  year = "1970",
}

@misc{CIE77,
  author = "{Commission Internationale de l'Eclairage (CIE)}",
  title = "{Radiometric and photometric characteristics of materials and their measurement, CIE 38 (TC-2.3)}",
  year = "1977",
}

@misc{CIE04,
  author = "{Commission Internationale de l'Eclairage (CIE)}",
  title = "{Spatial distribution of daylight, CIE Standard General Sky, CIE Standard, CIE S 011/E:2003, ISO Standard 15469}",
  year = "2004",
  publisher = "CIE Central Bureau",
  location = "Vienna",
}

@book{CIE95,
  author = "{Commission Internationale de l'Eclairage (CIE)}",
  title = "Discomfort glare in interior lighting",
  note = "{CIE Publication No. 117}",
  location = "Vienna",
  publisher = "CIE",
  year = "1995",
  pages = "2--5",
}

@inproceedings{Coo81,
  author = "R.L. Cook and K.E. Torrance K.E",
  title = "A reflectance model for computer graphics",
  booktitle = "8th annual conference on Computer Graphics and Interactive Techniques",
  publisher = "ACM Press",
  pages = "307--316",
  year = "1981",
}

@article{Cut02,
  author = "C. Cuttle",
  title = "Identifying the human values associated with windows",
  journal = "International Daylighting",
  volume = "5",
  pages = "3-6",
  year = "2002",
}

@article{Cut04,
  author = "C. Cuttle",
  title = "Brightness, lightness, and providing a preconceived appearance to the interior",
  journal  = "Lighting Res. Technol.",
  volume = "36",
  number = "3",
  year = "2004",
  pages = "201--216",
}


@misc{DOE07,
  author = "{U.S. Department of Energy}",
  title = "Energy Efficiency and Renewable Energy",
  note = "Building Technologies Program, Information Resources, Weather Data Sources",
}


@inproceedings{Dan97,
  author = "Dana K.J. and Nayer S. K. and Ginneken B. V. and Koenderink J. J.",
  title = "Reflectance and texture of real-world surfaces",
  booktitle = "Conference on Computer Vision and Pattern Recognition",
  publisher = "IEEE Computer Society",
  year = "1997",
}


@article{Dub03,
  author = "Marie-Claude Dubois",
  title = "Shading devices and daylight quality: an evaluation based on simple performance indicators",
  journal = "Lighting Res. Technol.",
  volume = "35",
  number = "1",
  year = "2003",
  pages = "61-76",
}


@article{Ebl04,
  author = "Michelle L. Eble-Hankins and Clarence E. Waters",
  title = "VCP and UGR Glare Evaluation Systems: A Look Back and A Way Forward",
  journal = "LEUKOS",
  volume = "1",
  number = "2",
  month = "October",
  year = "2004",
  pages = "7--38",
}

@article{Edm93,
  author = "I. Edmonds",
  title = "Performance of laser-cut deflecting panels in daylighting",
  journal = "Solar Energy Materials and Solar Cells",
  volume = "29",
  pages = "83-94",
  year = "1993"
}

@phdthesis{Fer06,
  author = "Lu\EDs Lomelino Fernandes",
  title = "From Lighting Performance Goals to the Optical Characteristics of Fenestration",
  school = "University of Colorado",
  department = "Civil, Environmental, and Architectural Engineering",
  year = "2006",
}

@article{Fra05,
  author = "Gerald Franz and Markus von der Heyde and Heinrich H. Bqlthoff",
  title = "An empirical approach to the experience of architectural space in virtual reality-exploring relations between features and affective appraisals of rectangular indoor spaces",
  journal = "Automation in Construction",
  volume = "14",
  year = "2005",
  pages = "165--172",
}


@article{Fis03,
  author = "K Fisekis and M Davies and M Kolokotroni and P Langford",
  title = "Prediction of discomfort glare from windows",
  journal = "Lighting Res. Technol.",
  volume = "35",
  number = "4",
  year = "2003",
  pages = "360-371",
}


@article{Fis05,
  author = "Thomas Fischer and Mark Burrya and John Frazer",
  title = "Triangulation of generative form for parametric design and rapid prototyping",
  journal = "Automation in Construction",
  volume = "14",
  year = "2005",
  pages = "233--240",
}

@article{Gal06,
  author = "Anca D. Galasiu and Jennifer A. Veitch",
  title = "Occupant preferences and satisfaction with the luminous environment and control systems in daylit offices: a literature review",
  journal = "Energy and Buildings",
  volume = "38",
  year = "2006",
  pages = "728--742",
}


@inproceedings{Gay07,
  author = "N. Gayeski and M. Andersen",
  title = "New Methods for Assessing Spectral Bi-directional Transmission and Reflection by Complex Fenestration Systems",
  booktitle = "SOLAR 2007",
  location = "Cleveland",
  month = "July 7-12",
  year = "2007",
}

@mastersthesis{Gay07b,
  author = "N. Gayeski",
  title = "New Methods for Measuring Spectral, Bi-directional Transmission and Reflection using Digital Cameras",
  department = "Architecture, Building Technology",
  school = "Massaschusetts Institute of Technology",
  month = "June",
  year = "2007",
}

@article{Gee05,
  author = "B. Geebelen and M. van der Voorden and H. Neuckermans",
  title = "Fast and accurate simulation of long-term daylight availability using the radiosity method",
  journal = "Lighting Res. Technol.",
  volume = "37",
  number = "4",
  year = "2005",
  pages = "295--312",
}


@article{Ghi05,
  author = "Enedir Ghisia and John A. Tinkerb",
  title = "An Ideal Window Area concept for energy efficient integration of daylight and artificial light in buildings",
  journal = "Building and Environment",
  volume = "40",
  year = "2005",
  pages = "51--61",
}

@article{Gla04,
  author = "Daniel Glaser and Osbert Feng and Jan Voung and Ling Xiao",
  title = "Towards an algebra for lighting simulation",
  journal = "Building and Environment",
  volume = "39",
  pages = "895--903",
  year = "2004",
}

@article{Gra06,
  author = "Jessica Granderson and Alice Agogino",
  title = "Intelligent Office Lighting: Demand-Responsive Conditioning and Increased User Satisfaction",
  journal = "LEUKOS",
  volume = "2",
  number = "3",
  month = "January",
  year = "2006",
  pages = "185--198",
}

@article{Gui02,
  author = "A. Guillemin and S. Molteni",
  title = "An energy-efficient controller for shading devices self-adapting to the user wishes",
  journal = "Building and Environment",
  volume = "37",
  number = "11",
  year = "2002)",
  pages = "1091-1097",
}

@article{Gui02b,
  author = "A. Guillemin and N. Morel",
  title = "Experimental results of a self-adaptive integrated control system in buildings : a pilot study",
  journal = "Solar Energy",
  volume = "75",
  number = " 5",
  year = "2002",
  pages = "397-403",
}

@book{Guz00,
  author = "Mary Guzowski",
  title = "Daylighting for Sustainable Design",
  publisher = "McGraw-Hill",
  year = "2000",
}

@inproceedings{He91,
  author = "X. D. He  and K. E. Torrance and F.X. Sillion  and  D.P. Greenberg",
  title = "A comprehensive physical model for light reflection",
  booktitle = "18th annual conference on Computer graphics and interactive techniques",
  publisher = "ACM Press",
  pages = "175-186",
  year = "1991",
}


@article{Her07,
  author = "Christiane M. Herr and Thomas Kvan",
  title = "Adapting cellular automata to support the architectural design process",
  journal = "Automation in Construction",
  volume = "16",
  year = "2007",
  pages = "61--69",
}


@misc{HMG99,
  author = "{Heschong-Mahone Group, Inc. on behalf of the California Board for Energy Efficiency Third Party Program}",
  title = "Daylighting in Schools: An Investigation into the Relationship Between Daylighting and Human Performance",
  location = "Fair Oaks, CA.",
  year = "1999",
}

@misc{HMG99b,
  author = "{Heschong-Mahone Group, Inc. on behalf of the California Board for Energy Efficiency Third Party Program}",
  title = "Skylighting and Retail Sales: An Investigation into the Relationship between Daylighting and Human Performance",
  location = "Fair Oaks, CA.",
  year = "1999",
}

@misc{HMG03,
  author = "{Heschong-Mahone Group, Inc. on behalf of the California Energy Commission}",
  title = "Windows and Classrooms: A Study of Student Performance and the Indoor Environment",
  month = "October",
  year = "2003",
}

@inproceedings{Hub03,
  author = "G. Hubbard and N. Clanton and G. Franta",
  title = "Less is more, lessons learned from the Low Energy Super Store",
  booktitle = "ISES Solar World Congress 2003",
  location = "Gothenburg, Sweden",
  month = "June 14-19",
  year = "2003",
}

@article{How07,
  author = "Owen Howlett and Lisa Heschong and Jon McHugh",
  title = "Scoping Study for Daylight Metrics from Luminance Maps",
  journal = "LEUKOS",
  volume = "3",
  number = "3",
  month = "January",
  year = "2007",
  pages = "201--215",
}

@inproceedings{Hit03,
  title = "DElight: A daylighting and electric lighting simulation engine",
  author = "Robert J. Hitchcock and William L. Carroll",
  booktitle = "Eighth International IBPSA Conference",
  location = "Eindhoven, Netherlands",
  month = "August 11-14",
  year = "2003",
  pages = "483-490",
}

@misc{IEA00,
  publisher = "International Energy Agency (IEA)",
  title = "Daylight in Buildings: A Source Book on Daylighting Systems and Components",
  author = "N. Ruck and O. Aschehoug and S. Aydinli and J. Christoffersen and G. Courret and I. Edmonds and R. Jakobiak and M. Kischkoweit-Lopin and  M. Klinger and E. Lee and L. Michel and J.-L. Scartezzini and S. Selkowitz",
  note = "A report of the IEA SHC21/ECBCS29",
  year = "2000",
}

@misc{IES07,
  author = "{Integrated Environmental Solutions, Ltd}",
  title = "{Virtual Environment}",
  note = "{\url+http://www.iesve.com/content/default.asp+}",
}

@book{IESNA00,
  editor = "Mark Rea",
  title = "The IESNA Lighting handbook - Reference \& Application",
  edition = "9th",
  publisher = "Illuminating Engineering Society of North America",
  year = "2000",
}

@article{Ina06,
  author = "M.N. Inanici",
  title = "Evaluation of high dynamic range photography as a luminance data acquisition system",
  journal = "Lighting Res. Technol.",
  volume = "38",
  number = "2",
  year = "2006",
  pages = "123-136",
}

@article{Ina06b,
  author = "Mehlika N. Inanici and Mojtaba Navvab",
  title = "The Virtual Lighting Laboratory: Per-pixel Luminance Data Analysis",
  journal = "LEUKOS",
  volume = "3",
  number = "2",
  month = "October",
  year = "2006",
  pages = "89-104",
}

@inproceedings{Kaw93,
  title = "Radioptimization - Goal Based Rendering",
  author = "John K. Kawai and James S. Painter and Michael F. Cohen",
  booktitle = "20th annual conference on Computer graphics and interactive techniques",
  pages = "147-154",
  year = "1993",
}

@article{Kis02,
  author = "M. Kischkoweit-Lopin",
  title = "An overview of daylighting systems",
  journal = "Solar Energy",
  volume = "73",
  pages = "77--82",
  year = "2002",
}

@article{Kim05,
  author = "Wonwoo Kim and Yasuko Koga",
  title = "Glare constant Gw for the evaluation of discomfort glare from windows",
  journal = "Solar Energy",
  volume = "78",
  year = "2005",
  pages = "105-111"
}

@article{Kim04,
  author = "Wonwoo Kim and Yasuko Koga",
  title = "Effect of local background luminance on discomfort glare",
  journal = "Building and Environment",
  volume = "39",
  year = "2004",
  pages = "1435-1442",
}

@misc{Kim05a,
  author = "Jong-Jin Kim and Jean Wineman",
  title = "Are Windows and Views Really Better? A Quantitative Analysis of the Economic and Psychological Value of Views",
  note = "Technical Report for the Daylight Dividend Program of the Lighting Research Center",
  publisher = "Rensselaer Polytechnic Institute",
  month = "January",
  year = "2005",
}

@article{Kim07,
  author = "Soo-Young Kim and Jong-Jin Kim",
  title = "Influence of light fluctuation on occupant visual perception",
  journal = "Building and Environment",
  volume = "42",
  year = "2007",
  pages = "2888-2899",
}

@inproceedings{Kle94,
  author = "J. Klems",
  title = "A new method for predicting the solar heat gain of complex fenestration systems - I: Overview and derivation of the matrix layer calculation",
  booktitle ="ASHRAE Winter Meeting",
  location = "New Orleans",
  month = "January",
  pages = "22-26",
  year = "1994",
}

@inproceedings{Kle06,
  author = "S. Kleindienst and M. Andersen",
  title = "Improving Daylighting in Existing Buildings: Characterizing the Effect of Anidolic Systems",
  booktitle = "SOLAR 2006: Renewable Energy - Key to Climate Recovery",
  location = "Denver",
  month = "July 7-13",
  year = "2006",
}

@mastersthesis{Kle06b,
  author = "S. Kleindienst",
  title = "Improving Daylighting in Existing Buildings: Characterizing the effect of anidolic systems",
  department = "Architecture, Building Technology",
  school = "Massachusetts Institute of Technology",
  month = "June",
  year = "2006",
}


@misc{Koc07,
  author = "T. Koch",
  title = "Device for Selecting Lightwave Ranges via Computer Control for Studying Building Material Properties",
  note = "S. B. thesis",
  department = "Mechanical Engineering",
  school = "Massachusetts Institute of Technology",
  month = "June",
  year = "2007",
}

@article{Kuh06,
  author = "Tilmann E. Kuhn",
  title = "Solar control: A general evaluation method for facades with venetian blinds or other solar control systems",
  journal = "Energy and Buildings",
  volume = "38",
  year = "2006",
  pages = "648-660",
}

@book{Lam86,
  author = "William M.C. Lam",
  title = "Sunlighting as Formgiver for Architecture",
  publisher = "Van Nostrand Reinhold Publ.",
  year = "1986",
}

@misc{Law05,
  author = "M. Lawrence",
  title = "Integration of lighting early in the design process - evaluation of tools and methodologies",
  note = "Technical report for the Building Technology Seminar",
  publisher = "MIT",
  month = "December",
  year = "2005",
}

@article{Lee06,
  author = "E.S. Lee and S.E. Selkowitz",
  title = "The New York Times Headquarters daylighting mockup: Monitored performance of the daylighting control system",
  journal = "Energy and Buildings",
  volume = "38",
  year = "2006",
  pages = "914-929",
}

@article{Leh07,
  author = "M. A. Lehar and L. R. Glicksman",
  title = "Rapid algorithm for modeling daylight distributions in office buildings",
  journal = "Building and Environment",
  volume = "42",
  year = "2007",
  pages = "2908-2919",
}

@misc{LEED05,
  author = "{U.S. Green Building Council}",
  title = "{LEED-NC Version 2.2 Reference Guide}",
  month = "November",
  year = "2005",
}

@article{Les05,
  author = "RP Leslie and R Raghavana and O Howlett and C Eaton",
  title = "The potential of simplified concepts for daylight harvesting",
  journal = "Lighting Res. Technol.",
  volume = "37",
  number = "1",
  year = "2005",
  pages = "21--40",
}

@article{Li06,
  author = "D.H.W. Li and S.L. Wong and C.L. Tsang",
  title = "A study of the daylighting performance and energy use in heavily obstructed residential buildings via computer simulation techniques",
  journal = "Energy and Buildings",
  volume = "38",
  year = "2006",
  pages = "1343-1348",
}

@article{Lin06,
  author = "David Lindeloef and Nicolas Morel",
  title = "A field investigation of the intermediate light switching by users",
  journal = "Energy and Buildings",
  volume = "38",
  year = "2006",
  pages = "790-801",
}

@article{Lit94,
  author = "J. Littlefair",
  title = "A Comparison of Sky Luminance Models with Measured Data from Garston",
  journal = "Solar Energy",
  volume = "53",
  number = "4",
  pages = "315-322",
  year = "1994",
}

@misc{Lju05,
  author = "D. Ljubicic",
  title = "Automated Support for Experimental Approaches in Daylighting Performances Assessment",
  note = "S. B. thesis",
  department = "Mechanical Engneering",
  school = "Massachusetts Institute of Technology",
  month = "October",
  year = "2005",
}


@article{Loc06,
  author = "S.W. Lockley and E.E. Evans and F.A. Scheer and G.C. Brainard and C.A. Czeisler CA and D. Aeschbach D",
  title = "Short-wavelength sensitivity for the direct effects of light on alertness, vigilance, and the waking electroencephalogram in humans",
  journal = "Sleep",
  year = "2006",
  month = "February",
  volume = "29",
  number = "2",
  pages = "161--168",
}

@article{Maa06,
  author = "F. Maamari and M. Fontoynont and N. Adra",
  title = "Application of the CIE test cases to assess the accuracy of lighting computer programs",
  journal = "Energy and Buildings",
  volume = "38",
  year = "2006",
  pages = "869-877"
}

@inproceedings{Mah95,
  author = "Ardeshir Mahdavi and Liana Berberidou-Kallivoka",
  title = "A generative simulation tool for architectural lighting",
  booktitle  = "IBPSA",
  pages = "395-402",
  year = "1995",
}

@article{Man07,
  author = "Banu Manav",
  title = "An experimental study on the appraisal of the visual environment at offices in relation to colour temperature and illuminance",
  journal = "Building and Environment 42",
  year = "2007",
  pages = "979-983",
}

@article{Mar01,
  author = "J. Mardaljevic",
  title = "The BRE-IDMP dataset: a new benchmark for the validation of illuminance prediction techniques",
  journal = "Lighting Res.Technol.",
  year = "2001",
  volume = "33",
  pages = "117 - 134",
}

@article{Mar02,
  author = "J. Mardaljevic",
  title = "Quantification of parallax errors in sky simulator domes for clear sky conditions",
  journal = "Lighting Res. Technol.",
  volume = "34",
  num = "4",
  year = "2002",
  pages = "313-332",
}

@inproceedings{Mar06,
  author = "John Mardaljevic and Birgit Krausse and Marilyne Andersen",
  title = "High Dynamic Range Imaging as a Means to Quantify Luminous Flux",
  booktitle = "5th International Radiance Scientific Workshop",
  month = "September",
  year = "2006",
  location = "De Montfort University, Leicester, UK",
}

@article{Mar03,
  author = "John Mardaljevic and Mark Rylatt",
  title = "Irradiation mapping of complex urban environments: an image-based approach",
  journal = "Energy and Buildings",
  volume = "35",
  year = "2003",
  pages = "27-35",
}

@article{Mar04,
  author = "J. Mardaljevic",
  title = "Verification of program accuracy for illuminance modelling: assumptions, methodology and an examination of conflicting findings",
  journal = "Lighting Res. Technol.",
  volume = "36",
  number = "3",
  year = "2004",
  pages = "217--242",
}

@article{Mar04b,
  author = "J. Mardaljevic",
  title = "Spatial-temporal dynamics of solar shading for a parametrically defined roof system",
  journal = "Energy and Buildings",
  volume = "36",
  pages = "815-823",
  year = "2004",
}

@article{Mat05,
  author = "B Matusiak and H Arnesen",
  title = "The limits of the mirror box concept as an overcast sky simulator",
  journal = "Lighting Res. Technol.",
  volume = "37",
  number = "4",
  year = "2005",
  pages = "313--328",
}

@article{Mic02,
  author = "L. Michel and J.-L. Scartezzini",
  title = "Implementing the Partial Daylight Factor Method under a Scanning Sky Simulator",
  journal = "Solar Energy",
  volume = "72",
  number = "6",
  year = "2002",
  pages = "473-492",
}

@article{Moe04,
  author = "Martin Moeck",
  title = "Constraint Satisfaction Software for Architectural Lighting Design: A Case Study",
  journal = "LEUKOS",
  volume = "1",
  number = "1",
  month = "July",
  year = "2004",
  pages = "101-127",
}

 @article{Moe06,
  author = "Martin Moeck and and Smita Anaokar",
  title = "Illuminance Analysis from High Dynamic Range Images",
  journal = "LEUKOS",
  volume = "2",
  number = "3",
  month = "Jan",
  year = "2006",
  pages = "211-228",
}

@article{Moe05,
  author = "Martin Moeck and Youn Ju Yoon",
  title = "Modeling Intensity Distributions of Advanced Daylight Systems Surrounded by Arbitrary Luminance Maps",
  journal = "LEUKOS",
  volume = "2",
  number = "1",
  month = "July 2005",
  pages = "61-77",
}

@article{Mon00,
  author = "Michael Monks and Byong Mok Oh and and Julie Dorsey",
  title = "Audioptimization: Goal-Based Acoustic Design",
  journal = "IEEE Computer Graphics and Applications",
  month = "May/June",
  year = "2000",
}

@article{Nab05,
  author = "A. Nabil and J. Mardaljevic",
  title = "Useful daylight illuminance: a new paradigm for assessing daylight in buildings",
  journal = "Lighting Res. Technol.",
  volume = "37",
  number = "1",
  year = "2005",
  pages = "41-59",
}

@article{Nab06,
  author = "Azza Nabil and John Mardaljevic",
  title = "Useful daylight illuminances: A replacement for daylight factors",
  journal = "Energy and Buildings",
  volume = "38",
  year = "2006",
  pages = "905-913",
}

@article{New05,
  author = "G. R. Newsham and C. Richardson and C. Blanchet and J. A. Veitch",
  title = "Lighting quality research using rendered images of offices",
  journal = "Lighting Res. Technol.",
  volume = "37",
  number = "2",
  year = "2005",
  pages = "93-115"
}

@inproceedings{Nij03,
  author = "Mangesh Nijasure and Sumanta Pattanaik and Vineet Goel",
  title = "Interactive Global Illumination in Dynamic Environments Using Commodity Graphics Hardware",
  pages = "450",
  booktitle = "11th Pacific Conference on Computer Graphics and Applications (PG'03)",
  year = "2003",
}

@inproceedings{Oss07,
  author = "R. Osser and M. Andersen and L. Norford",
  title = "Development of Two Heliodon Systems and Recommendations for their Use",
  booktitle = "SOLAR 2007",
  location = "Cleveland",
  month = "July 7-12",
  year = "2007",
}

@misc{Oss07b,
  author = "R. Osser",
  title = "Development of Two Heliodons at MIT and Recommendations for their Use",
  note = "S.M. thesis in Building Technology",
  departmnet = "Architecture",
  school = "Massachusetts Institute of Technology",
  month = "June",
  year = "2007",
}

@article{Ost05,
  author = "Werner K.E. Osterhaus",
  title = "Discomfort glare assessment and prevention for daylight applications in office environments",
  journal = "Solar Energy 79",
  year = "2005",
  pages = "140-158",
}

@article{Par03,
  author = "Kwang-Wook Park and Andreas K. Athienitis",
  title = "Workplane illuminance prediction method for daylighting control systems",
  journal = "Solar Energy 75",
  year = "2003",
  pages = "277-284",
}

@article{Pap99,
  author = "K. Papamichael",
  title = "Application of information technologies in building design decisions",
  journal = "Building Research and Information",
  volume = "27",
  number = "1",
  month = "January",
  year = "1999",
}

@Inproceedings{Pau03,
  author =       {B. Paule and N. Baker and S. Lawton and M. McEvoy and R. Yao and J. {de Boer} and H. Erhorn and S. Woesner and E. {de Groot} and L. Zooneveldt and J.-L. Scartezzini},
  title =        {DIAL-Europe European daylighting design tool},
  booktitle =    {Proceedings International Conference on Sustainable Development in Building and Environment},
  year =         {2003},
  pages =        {},
  publisher =    {},
  address =      {}
}

@article{Per90,
  author = "R. Perez and P. Ineichen and R. Seals and J. Michalsky and R. Stewart",
  title = "Modeling daylight availability and irradiance components from direct and global irradiance",
  journal = "Solar Energy",
  volume = "44",
  number = "5",
  pages = "271-289",
  year = "1990",
}

@article{Per92,
  author = "R. Perez and J. Michalsky and R. Seals",
  title = "Modelling Sky Luminance Angular distribution for Real sky conditions: experimental evaluation of existing algorithms",
  journal = "Journal of the IES",
  pages = "84-92",
  year = "1992",
}

@article{Per93,
  author = "R. Perez and R. Seals and J. Michalsky",
  title = "All-Weather Model for Sky Luminance Distribution - Preliminary configuration and Validation",
  journal = "Solar Energy",
  volume = "50",
  number = "3",
  pages = "235-245",
  year = "1993",
}

@article{Pro05,
  author = "J. Brent Protzman and Kevin W Houser",
  title = "On the Relationship between Object Modeling and the Subjective Response",
  journal = "LEUKOS",
  volume = "2",
  number = "1",
  month = "July",
  year = "2005",
  pages = "13-28",
}

@article{Rea04,
  author = "MS Rea and JD Bullough and JP Freyssinier-Nova and A Bierman",
  title = "A proposed unified system of photometry",
  journal = "Lighting Res. Technol.",
  volume = "36",
  number = "2",
  year = "2004",
  pages = "85-111",
}

@article{Rei00,
  author = "C. F. Reinhart and S. Herkel",
  title = "The simulation of annual daylight illuminance distributions - a state-of-the-art comparison of six RADIANCE-based methods",
  journal = "Energy and Buildings",
  volume = "32",
  numbear = "2",
  pages = "167-187",
  year = "2000",
}

@article{Rei01,
  author = "C. F. Reinhart and O. Walkenhorst",
  title = "Validation of dynamic RADIANCE-based daylight simulations for a test office with external blinds",
  journal = "Energy and Buildings",
  volume = "33",
  number = "7",
  pages = "683-697",
  year = "2001",
}

@article{Rei04,
  author = "Christoph F. Reinhart",
  title = "Lightswitch-2002: a model for manual and automated control of electric lighting and blinds",
  journal = "Solar Energy 77",
  year = "2004",
  pages = "15-28",
}

@article{Rei06,
  author = "Christoph F. Reinhart and John Mardaljevic and Zack Rogers",
  title = "Dynamic Daylight Performance Metrics for Sustainable Building Design",
  journal = "LEUKOS",
  volume = "3",
  number = "1",
  month = "July",
  year = "2006",
  pages = "7-31",
}

@article{Rei06b,
  author = "Christoph Reinhart and Annegret Fitz",
  title = "Findings from a survey on the current use of daylight simulations in building design",
  journal = "Energy and Buildings",
  volume = "38",
  year = "2006",
  pages = "824-835",
}

@article{Rei06c,
  author = "C. F. Reinhart and M. Andersen",
  title = "Development and validation of a Radiance model for a translucent panel",
  journal = "Energy and Buildings (Special Issue on Daylighting Buildings)",
  volume = "38",
  number = "7",
  pages = "890-904",
  month = "July",
  year = "2006",
}

@article{Rei07,
  author = "C. Reinhart and D. Bourgeois and F. Dubrous and A. Laouadi and P. Lopez and O. Stelescu",
  title = "{Daylight 1-2-3 - A state-of-the-art daylighting/energy analysis software for initial design investigations}",
  journal = "Building Simulation",
  year = "2007",
}

@article{Reic05,
  author = "Georg Reichard and Konstantinos Papamichael",
  title = "Decision-making through performance simulation and code compliance from the early schematic phases of building design",
  journal = "Automation in Construction",
  volume = "14",
  year = "2005",
  pages = "173- 180",
}

@article{Rey04,
  author = "Emmanuel Rey",
  title = "Office building retrofitting strategies: multicriteria approach of an architectural and technical issue",
  journal = "Energy and Buildings",
  volume = "36",
  year = "2004",
  pages = "367-372",
}

@article{Rob06,
  author = "Robinson and D.",
  title = "Internal illumination prediction based on a simplified radiosity algorithm",
  journal = "Solar Energy",
  volume = "80",
  number = " 3",
  year = "2006)",
  pages = "260-267",
}

@article{Sar06,
  author = "Abhijit Sarkar and Richard G. Mistrick",
  title = "A Novel Lighting Control System Integrating High Dynamic Range Imaging and DALI",
  journal = "LEUKOS",
  volume = "2",
  number = "4",
  month = "April",
  year = "2006",
  pages = "307-322",
}

@article{Sca02,
  author = "Scartezzini and J.-L. and Courret and G.",
  title = "Anidolic daylighting systems",
  journal = "Solar Energy",
  volume = "73",
  number = " I",
  year = "2002",
  pages = "123-135",
}

@inproceedings{Scho93,
  author = "Chris Schoeneman and Julie Dorsey and Brian Smits and James Arvo and Donald Greenberg",
  title = "Painting with Light",
  booktitle = "20th annual conference on Computer graphics and interactive techniques",
  pages = "143-146",
  year = "1993",
}

@article{She05,
  author = "Kristina Shea and Robert Aish and Marina Gourtovai",
  title = "Towards integrated performance-driven generative design tools",
  journal = "Automation in Construction",
  volume = "14",
  year = "2005",
  pages = "253-264",
}

@article{Ste06,
  author = "Gary R. Steffy",
  title = "Rational Illuminance",
  journal = "LEUKOS",
  volume = "2",
  number = "4",
  month = "April",
  year = "2006",
  pages = "253-261",
}

@misc{Sul98,
  author = "R. Sullivan and L. Beltran and E. S. Lee and M. Rubin and and S.E. Selkowitz",
  title = "Energy and Daylight Performance of Angular Selective Glazings",
  publisher = "Lawrence Berkeley National Laboratory, Supported by the U.S. Department of Energy ",
  year = "1998",
}

@article{Sut06,
  author = "Yannick Sutter and Dominique Dumortier and Marc Fontoynont",
  title = "The use of shading systems in VDU task offices: A pilot study",
  journal = "Energy and Buildings",
  volume = "38",
  year = "2006",
  pages = "780-789",
}

@inproceedings{Swe91,
  author = "G. Sweitzer",
  title = "Prismatic panel sidelighting systems: Daylighting distribution and electric lighting user patterns in perimeter office workplaces",
  booktitle = "In Right Light Bright Light",
  year = "1991",
}

@article{Tal07,
  author = "Kyle Talbott",
  title = "Context-sensitivity and visual engagement in generative systems",
  journal = "Automation in Construction",
  volume = "16",
  year = "2007",
  pages = "54-60",
}

@article{Tha05,
  author = "A. Thanachareonkit and J.-L. Scartezzini and M. Andersen",
  title = "Comparing daylighting performances assessment of buildings in scale models and test modules",
  journal = "Solar Energy",
  volume = "79 ",
  number = "2)",
  pages = "168-182",
  year = "2005",
}

@inproceedings{Tor04,
  author = "Santiago Torres",
  title = "A Method for Acquisition of Visual Environment Data in the Range of Daylight",
  booktitle = "Plea2004 - The 21th Conference on Passive and Low Energy Architecture",
  location = "Eindhoven, The Netherlands",
  year = "19 - 22",
  month = "September",
  year = "2004",
}

@article{Tre83,
  author = "P. Tregenza and I. Waters",
  title = "Daylight coefficients",
  journal = "Light. Res. Technol.",
  volume = "15",
  number = "2",
  year = "1983",
  pages = "65-71",
}

@article{Tre87,
  author = "P. Tregenza",
  title = "Subdivision of the Sky hemisphere for luminance measurements",
  journal = "Light. Res. Technol.",
  volume = "19",
  year = "1987",
  pages = "13-14",
}

@article{Tua05,
  author = "N Tuaycharoen and PR Tregenza",
  title = "Discomfort glare from interesting images",
  journal = "Lighting Res. Technol.",
  volume = "37",
  number = "4",
  year = "2005)",
  pages = "329-341",
}

@article{Tze07,
  author = "Athanassios Tzempelikos and Andreas K. Athienitis",
  title = "The impact of shading design and control on building cooling and lighting demand",
  journal = "Solar Energy 81",
  year = "2007",
  pages = "369-382",
}

@inproceedings{USGBC03,
  author = "{U.S. Green Building Council}",
  title = "Building Momentum: National Trends and Prospects for High-Performance Green Buildings",
  booktitle = "April 2002 Green Building Roundtable",
  note = "prepared for the U.S. Senate Committee on Environment and Public Works ",
  month = "February",
  year = "2003",
}

@misc{USDOE06,
  author = "{U.S. Department of Energy}",
  year = "2006",
  title = "Building Energy Databook",
  misc = "{\url+http://buildingsdatabook.eren.doe.gov+}",
}

@misc{USDOE05,
  author = "{Energy Information Administration}",
  publisher = "{U.S. Department of Energy}",
  title = "Annual Energy Outlook 2005, DOE/EIA-0383",
  month = "February",
  year = "2005",
}

@article{Vei05,
  author = "Jennifer A. Veitch",
  title = "Light, Lighting, and Health: Issues for Consideration",
  journal = "LEUKOS",
  volume = "2",
  number = "2",
  month = "Oct",
  year = "2005",
  pages = "85-96",
}

@article{Vos03,
  author = "Johannes J Vos",
  title = "Reflections on glare",
  journal = "Lighting Res. Technol.",
  volume = "35",
  number = "2",
  year = "2003",
  pages = "163-176",
}

@article{Wal02,
  author = "Walkenhorst O and Luther J and Reinhart C F and Timmer J",
  title = "Dynamic annual daylight simulations based on one-hour and one-minute means of irradiance data",
  journal = "Solar Energy",
  volume = "72",
  number = "5",
  pages = "385-395",
  year = "2002",
}

@article{Wan05,
  author = "Weimin Wang and Radu Zmeureanu and Hugues Rivard",
  title = "Applying multi-objective genetic algorithmsin green building design optimization",
  journal = "Building and Environment",
  volume = "40",
  year = "2005",
  pages = "1512-1525",
}

@article{War92,
  author = "G. Ward",
  title = "Measuring and Modeling Anisotropic Reflection",
  journal = "Computer Graphics",
  volume = "26",
  number = "2",
  year = "1992",
  pages = "265-272",
}

@book{War98,
  author = "G. Ward Larson and R. Shakespeare",
  title = "Rendering with Radiance - The Art and Science of Lighting Visualization",
  publisher = "Morgan Kaufmann Publishers, Inc.",
  year = "1998",
}

@inproceedings{War01,
  author = "Greg Ward",
  title = "High Dynamic Range Imaging",
  booktitle = "Ninth Color Imaging Conference",
  month = "November",
  year = "2001",
}

@article{Web06,
  author = "A.R. Webb",
  title = "Considerations for Lighting in the Built Environment: Non-Visual Effects of Light",
  journal = "Energy and Buildings",
  volume = "38",
  year = "2006",
  pages = "721-727",
}

@article{Wet05,
  author = "Michael Wetter and Elijah Polak",
  title = "Building design optimization using a convergent pattern search algorithm with adaptive precision simulations",
  journal = "Energy and Buildings",
  volume = "37",
  year = "2005",
  pages = "603--612",
}

@article{Wie06,
  author = "J. Wienold and J. Christoffersen",
  title = "Evaluation Methods and development of a new glare prediction model for daylight environments with the use of CCD cameras",
  journal = "Energy and Buildings",
  volume = "38",
  number = "7",
  pages = "743--757",
  year = "2006",
}

@article{Wil04,
  author = "Pieter de Wilde and Marinus van der Voorden",
  title = "Providing computational support for the selection of energy saving building components",
  journal = "Energy and Buildings",
  volume = "36",
  year = "2004",
  pages = "749--758",
}

@article{Zno07,
  author = "Essia Znoud and Nadia Ghrab-Morcos and Atidel Hadj-Alouane",
  title = "Optimization of Mediterranean building design using genetic algorithms",
  journal = "Energy and Buildings",
  volume = "39",
  year = "2007",
  pages = "148--153",
}


@article{Fis81,
 author = {Martin A. Fischler and Robert C. Bolles},
 title = {Random sample consensus: a paradigm for model fitting with applications to image analysis and automated cartography},
 journal = {Commun. ACM},
 volume = {24},
 number = {6},
 year = {1981},
 issn = {0001-0782},
 pages = {381--395},
 doi = {http://doi.acm.org/10.1145/358669.358692},
 publisher = {ACM},
 address = {New York, NY, USA},
 }

@Book{Har00,
    author = "Hartley, R.~I. and Zisserman, A.",
    title = "Multiple View Geometry in Computer Vision",
    year = "2000",
    publisher = "Cambridge University Press, ISBN: 0521623049"
} 

@ARTICLE{Zha00,
    author = {Zhengyou Zhang},
    title = {A flexible new technique for camera calibration},
    journal = {IEEE Transactions on Pattern Analysis and Machine Intelligence},
    year = {2000},
    volume = {22},
    pages = {1330--1334}
}

@article{Mal07,
	author = {Mallon, John   and Whelan, Paul  F. },
	citeulike-article-id = {3024041},
	doi = {http://dx.doi.org/10.1016/j.patrec.2006.12.008},
	journal = {Pattern Recognition Letters},
	keywords = {calibration, circle, conic, target},
	month = {June},
	number = {8},
	pages = {921--930},
	posted-at = {2008-07-21 11:09:31},
	priority = {2},
	title = {Which pattern? Biasing aspects of planar calibration patterns and detection methods},
	url = {http://dx.doi.org/10.1016/j.patrec.2006.12.008},
	volume = {28},
	year = {2007}
}

@ARTICLE{Luc02,
title={Using saddle points for subpixel feature detection in camera calibration targets},
author={Lucchese, L. and Mitra, S.K.},
journal={Circuits and Systems, 2002. APCCAS '02. 2002 Asia-Pacific Conference on},
year={2002},
month={},
volume={2},
number={},
pages={ 191-195 vol.2},
keywords={ calibration, cameras, computer vision, feature extraction X-junctions, calibration checkerboards, camera calibration targets, feature detection algorithms, saddle points, subpixel accuracy, subpixel feature detection},
doi={10.1109/APCCAS.2002.1115151},
ISSN={ }, }

@inproceedings{Tsa86,
  author = "Roger Y. Tsai",
  title = "An Efficient and Accurate Camera Calibration Technique for 3D Machine Vision",
  year = "1986",
  booktitle = "Proceedings of IEEE Conference on Computer Vision and Pattern Recognition",
  pages = "364--374",
}

@ARTICLE{Tsa87,
  title="A versatile Camera Calibration Technique for High-Accuracy 3D Machine Vision Metrology Using Off-the-Shelf TV Cameras and Lenses",
  author="Roger Y. Tsai",
  journal="IEEE Journal of Robotics and Automation", 
  year = "1987",
  month="August",
  pages="323--344",
  volume="RA-3",
  number="4"
}



@inproceedings{Hoppe:1996:PM,
  author = "Hugues Hoppe",
  title = "Progressive Meshes",
  year = "1996",
  month = aug,
  booktitle = "Proceedings of SIGGRAPH 96",
  series = "Computer Graphics Proceedings, Annual Conference Series",
  pages = "99--108",
}

@inproceedings{Hoppe:1993:MO,
  author = "Hugues Hoppe and Tony DeRose and Tom Duchamp and John McDonald and Werner Stuetzle",
  title = "Mesh Optimization",
  year = "1993",
  month = aug,
  booktitle = "Proceedings of SIGGRAPH 93",
  series = "Computer Graphics Proceedings, Annual Conference Series",
  pages = "19--26",
}


@inproceedings{Turk:1992:RTP,
  title = "Re-Tiling Polygonal Surfaces",
  author = "Greg Turk",
  month = jul,
  year = 1992,
  booktitle = "Proceedings of ACM SIGGRAPH 92",
  series = "Computer Graphics Proceedings, Annual Conference Series",
}  

@article{Alliez:2002:IGR,
  author = "Pierre Alliez and Mark Meyer and Mathieu Desbrun",
  title = "Interactive Geometry Remeshing",
  year = "2002",
  month = jul,
  journal = "ACM Transactions on Graphics",
  volume = "21",
  number = "3",
  pages = "347--354",
}

@article{Freitag:1997:TMI,
 author = "Lori Freitag and Carl Ollivier-Gooch",
 year = "1997",
 title = "Tetrahedral Mesh Improvement Using Swapping and Smoothing",
 journal = "International Journal for Numerical Methods in Engineering",
 volume = "40",
 pages = "3979--4002",
 DUMPpublisher = "Wiley",
}

@ARTICLE{4102227,
title={Magnetic Position and Orientation Tracking System},
author={Raab, F.H. and Blood, E.B. and Steiner, T.O. and Jones, H.R.},
journal={Aerospace and Electronic Systems, IEEE Transactions on},
year={1979},
month={Sept. },
volume={AES-15},
number={5},
pages={709-718},
doi={10.1109/TAES.1979.308860},
ISSN={0018-9251}, 
}

@inproceedings{kato-artoolkit,
    author = "H. Kato and Mark Billinghurst",
    year = "1999",
    title = "Marker Tracking and HMD Calibration for a Video-based Augmented Reality Conferencing System",
    booktitle = "Proceedings of the 2nd International Workshop on Augmented Reality (IWAR 99)",
    month = oct,
    address = "San Francisco, USA",
}

@inproceedings{virtual_heliodon,
 author = "Yu Sheng and Theodore C. Yapo and Christopher Young and Barbara Cutler",
 year = "2009",
 title = "Virtual Heliodon: Spatially Augmented Reality for Architectural Daylighting Design",
 booktitle = "Proceedings of IEEE Virtual Reality 2009",
}

@inproceedings{ShengYYC09,
  author    = {Yu Sheng and
               Theodore C. Yapo and
               Christopher Young and
               Barbara Cutler},
  title     = {Virtual Heliodon: Spatially Augmented Reality for Architectural
               Daylighting Design},
  booktitle = {VR},
  year      = {2009},
  pages     = {63-70},
  ee        = {http://dx.doi.org/10.1109/VR.2009.4811000},

  bibsource = {DBLP, http://dblp.uni-trier.de}
}

@incollection{aag201015,
	author={Barbara  Cutler and Joshua Nasman},
	title={Interpreting Physical Sketches as Architectural Models},
	pages={15-35},
	booktitle={Advances in Architectural Geometry 2010},
	editor={Cristiano Ceccato and others},
	publisher={Springer},
	year={2010},
}

