@INPROCEEDINGS{kr96,
    author = {T. Alan Keahey and Edward L. Robertson},
    title = {Techniques for Non-Linear Magnification Transformations},
    booktitle = {},
    year = {1996},
    pages = {38--45}
}

@Article{ks78,
    author = {Naftali Kadmon and Eli Shlomi},
    title = {A Polyfocal Projection for Statistical Surfaces},
    journal = {The Cartographic Journal},
    volume = {15},
    year = {1978},
    pages = {36--41}
}

@inproceedings{sb92,
 author = {Sarkar, Manojit and Brown, Marc H.},
 title = {Graphical fisheye views of graphs},
 booktitle = {Proceedings of the SIGCHI Conference on Human Factors in Computing Systems},
 series = {CHI '92},
 year = {1992},
 pages = {83--91}
} 

@inproceedings{f86,
 author = {Furnas, G. W.},
 title = {Generalized fisheye views},
 booktitle = {Proceedings of the SIGCHI Conference on Human Factors in Computing Systems},
 series = {CHI '86},
 year = {1986},
 pages = {16--23}
} 

@MISC{j12,
    author = {Alexis Jacomy},
    title = {sigma.js | How to write a plugin (advanced)},
    year = {2012},
    howpublished={\url{www.sigmajs.org/examples/a_plugin_example_advanced.html}}
}
